,id,project_code,pq,po_so,asn_dn,country,managed_by,fulfill_via,vendor_inco_term,shipment_mode,pq_first_sent_to_client_date,po_sent_to_vendor_date,scheduled_delivery_date,delivered_to_client_date,delivery_recorded_date,product_group,sub_classification,vendor,item_description,molecule_test_type,brand,dosage_form,unit_of_measure_per_pack,line_item_quantity,line_item_value,pack_price,unit_price,manufacturing_site,first_line_designation,weight_kilograms,freight_cost_usd,dosage,line_item_insurance_usd
0,1,100-CI-T01,Pre-PQ Process,SCMS-4,ASN-8,Côte d'Ivoire,PMO - US,Direct Drop,EXW,Air,Pre-PQ Process,Date Not Captured,2-Jun-06,2-Jun-06,2-Jun-06,HRDT,HIV test,RANBAXY Fine Chemicals LTD.,"HIV, Reveal G3 Rapid HIV-1 Antibody Test, 30 Tests","HIV, Reveal G3 Rapid HIV-1 Antibody Test",Reveal,Test kit,30,19,551.0,29.0,0.97,Ranbaxy Fine Chemicals LTD,True,13,780.34,,
1,3,108-VN-T01,Pre-PQ Process,SCMS-13,ASN-85,Vietnam,PMO - US,Direct Drop,EXW,Air,Pre-PQ Process,Date Not Captured,14-Nov-06,14-Nov-06,14-Nov-06,ARV,Pediatric,Aurobindo Pharma Limited,"Nevirapine 10mg/ml, oral suspension, Bottle, 240 ml",Nevirapine,Generic,Oral suspension,240,1000,6200.0,6.2,0.03,"Aurobindo Unit III, India",True,358,4521.5,10mg/ml,
2,4,100-CI-T01,Pre-PQ Process,SCMS-20,ASN-14,Côte d'Ivoire,PMO - US,Direct Drop,FCA,Air,Pre-PQ Process,Date Not Captured,27-Aug-06,27-Aug-06,27-Aug-06,HRDT,HIV test,Abbott GmbH & Co. KG,"HIV 1/2, Determine Complete HIV Kit, 100 Tests","HIV 1/2, Determine Complete HIV Kit",Determine,Test kit,100,500,40000.0,80.0,0.8,ABBVIE GmbH & Co.KG Wiesbaden,True,171,1653.78,,
3,15,108-VN-T01,Pre-PQ Process,SCMS-78,ASN-50,Vietnam,PMO - US,Direct Drop,EXW,Air,Pre-PQ Process,Date Not Captured,1-Sep-06,1-Sep-06,1-Sep-06,ARV,Adult,SUN PHARMACEUTICAL INDUSTRIES LTD (RANBAXY LABORATORIES LIMITED),"Lamivudine 150mg, tablets, 60 Tabs",Lamivudine,Generic,Tablet,60,31920,127360.8,3.99,0.07,"Ranbaxy, Paonta Shahib, India",True,1855,16007.06,150mg,
4,16,108-VN-T01,Pre-PQ Process,SCMS-81,ASN-55,Vietnam,PMO - US,Direct Drop,EXW,Air,Pre-PQ Process,Date Not Captured,11-Aug-06,11-Aug-06,11-Aug-06,ARV,Adult,Aurobindo Pharma Limited,"Stavudine 30mg, capsules, 60 Caps",Stavudine,Generic,Capsule,60,38000,121600.0,3.2,0.05,"Aurobindo Unit III, India",True,7590,45450.08,30mg,
5,23,112-NG-T01,Pre-PQ Process,SCMS-87,ASN-57,Nigeria,PMO - US,Direct Drop,EXW,Air,Pre-PQ Process,Date Not Captured,28-Sep-06,28-Sep-06,28-Sep-06,ARV,Pediatric,Aurobindo Pharma Limited,"Zidovudine 10mg/ml, oral solution, Bottle, 240 ml",Zidovudine,Generic,Oral solution,240,416,2225.6,5.35,0.02,"Aurobindo Unit III, India",True,504,5920.42,10mg/ml,
6,44,110-ZM-T01,Pre-PQ Process,SCMS-139,ASN-130,Zambia,PMO - US,Direct Drop,DDU,Air,Pre-PQ Process,Date Not Captured,8-Jan-07,8-Jan-07,8-Jan-07,ARV,Pediatric,MERCK SHARP & DOHME IDEA GMBH (FORMALLY MERCK SHARP & DOHME B.V.),"Efavirenz 200mg [Stocrin/Sustiva], capsule, 90 Caps",Efavirenz,Stocrin/Sustiva,Capsule,90,135,4374.0,32.4,0.36,MSD South Granville Australia,True,328,Freight Included in Commodity Cost,200mg,
7,45,109-TZ-T01,Pre-PQ Process,SCMS-140,ASN-94,Tanzania,PMO - US,Direct Drop,EXW,Air,Pre-PQ Process,Date Not Captured,24-Nov-06,24-Nov-06,24-Nov-06,ARV,Adult,Aurobindo Pharma Limited,"Nevirapine 200mg, tablets, 60 Tabs",Nevirapine,Generic,Tablet,60,16667,60834.55,3.65,0.06,"Aurobindo Unit III, India",True,1478,6212.41,200mg,
8,46,112-NG-T01,Pre-PQ Process,SCMS-156,ASN-93,Nigeria,PMO - US,Direct Drop,EXW,Air,Pre-PQ Process,Date Not Captured,7-Dec-06,7-Dec-06,7-Dec-06,ARV,Adult,Aurobindo Pharma Limited,"Stavudine 30mg, capsules, 60 Caps",Stavudine,Generic,Capsule,60,273,532.35,1.95,0.03,"Aurobindo Unit III, India",False,See ASN-93 (ID#:1281),See ASN-93 (ID#:1281),30mg,
9,47,110-ZM-T01,Pre-PQ Process,SCMS-165,ASN-199,Zambia,PMO - US,Direct Drop,CIP,Air,Pre-PQ Process,11/13/2006,30-Jan-07,30-Jan-07,30-Jan-07,ARV,Adult,ABBVIE LOGISTICS (FORMERLY ABBOTT LOGISTICS BV),"Lopinavir/Ritonavir 200/50mg [Aluvia], tablets, 120 Tabs",Lopinavir/Ritonavir,Aluvia,Tablet,120,2800,115080.0,41.1,0.34,ABBVIE (Abbott) St. P'burg USA,True,643,Freight Included in Commodity Cost,200/50mg,
10,60,110-ZM-T01,Pre-PQ Process,SCMS-221,ASN-223,Zambia,PMO - US,Direct Drop,CIP,Air,Pre-PQ Process,12/1/2006,16-Feb-07,16-Feb-07,16-Feb-07,ARV,Adult,ABBVIE LOGISTICS (FORMERLY ABBOTT LOGISTICS BV),"Lopinavir/Ritonavir 200/50mg [Aluvia], tablets, 120 Tabs",Lopinavir/Ritonavir,Aluvia,Tablet,120,2800,115080.0,41.1,0.34,ABBVIE Ludwigshafen Germany,True,643,Freight Included in Commodity Cost,200/50mg,
11,61,110-ZM-T01,Pre-PQ Process,SCMS-226,ASN-137,Zambia,PMO - US,Direct Drop,EXW,Air,Pre-PQ Process,Date Not Captured,8-Jan-07,8-Jan-07,8-Jan-07,HRDT,HIV test,"Trinity Biotech, Plc","HIV 1/2, Uni-Gold HIV Kit, 20 Tests","HIV 1/2, Uni-Gold HIV Kit",Uni-Gold,Test kit,20,2500,100000.0,40.0,2.0,"Trinity Biotech, Plc",True,853,13569.49,,
12,62,102-NG-T01,Pre-PQ Process,SCMS-230,ASN-144,Nigeria,PMO - US,Direct Drop,EXW,Air,Pre-PQ Process,Date Not Captured,10-Jan-07,10-Jan-07,10-Jan-07,HRDT,HIV test,EY Laboratories,"HIV 1/2, InstantChek HIV 1+2 Kit, 100 Tests","HIV 1/2, InstantChek HIV 1+2 Kit",InstantCHEK,Test kit,100,10,850.0,85.0,0.85,"EY Laboratories, USA",True,Weight Captured Separately,Invoiced Separately,,
13,64,107-RW-T01,Pre-PQ Process,SCMS-268,ASN-242,Rwanda,PMO - US,Direct Drop,EXW,Air,Pre-PQ Process,12/22/2006,27-Feb-07,27-Feb-07,27-Feb-07,ARV,Adult,CIPLA LIMITED,"Lamivudine/Zidovudine 150/300mg, tablets, 60 Tabs",Lamivudine/Zidovudine,Generic,Tablet - FDC,60,10000,99800.0,9.98,0.17,"Cipla, Goa, India",True,7416,64179.42,150/300mg,
14,65,106-HT-T01,Pre-PQ Process,SCMS-274,ASN-162,Haiti,PMO - US,Direct Drop,EXW,Air,Pre-PQ Process,Date Not Captured,18-Jan-07,18-Jan-07,18-Jan-07,HRDT,HIV test,Abbott GmbH & Co. KG,"HIV 1/2, Determine Complete HIV Kit, 100 Tests","HIV 1/2, Determine Complete HIV Kit",Determine,Test kit,100,750,60000.0,80.0,0.8,ABBVIE GmbH & Co.KG Wiesbaden,True,256,1760.32,,
15,68,113-ZW-T01,Pre-PQ Process,SCMS-308,ASN-285,Zimbabwe,PMO - US,Direct Drop,CIP,Air,Pre-PQ Process,1/10/2007,19-Mar-07,19-Mar-07,19-Mar-07,ARV,Pediatric,BRISTOL-MYERS SQUIBB,"#102198**Didanosine 200mg [Videx], tablets, 60 Tabs",Didanosine,Videx,Tablet,60,579,14764.5,25.5,0.42,"BMS Meymac, France",True,Weight Captured Separately,Freight Included in Commodity Cost,200mg,
16,69,102-NG-T01,Pre-PQ Process,SCMS-354,ASN-608,Nigeria,PMO - US,Direct Drop,CIP,,Pre-PQ Process,Date Not Captured,7-May-07,7-May-07,7-May-07,HRDT,HIV test,ACCOUN NIGERIA LIMITED,"HIV 1/2, Determine Complete HIV Kit, 100 Tests","HIV 1/2, Determine Complete HIV Kit",Determine,Test kit,100,1500,120000.0,80.0,0.8,ABBVIE GmbH & Co.KG Wiesbaden,True,Weight Captured Separately,Freight Included in Commodity Cost,,192.0
17,80,107-RW-T01,Pre-PQ Process,SCMS-488,ASN-299,Rwanda,PMO - US,Direct Drop,EXW,Air,Pre-PQ Process,Date Not Captured,29-Mar-07,29-Mar-07,29-Mar-07,HRDT,HIV test,Premier Medical Corporation Ltd.,"HIV 1/2/O, First Response HIV 1-2.0, v.3.0 Cards Kit, 30 Tests","HIV 1/2/O, First Response HIV 1-2.0, v.3.0 Cards Kit",First Response,Test kit,30,2000,33000.0,16.5,0.55,Premier Med. Corp Ltd. India,True,710,3120.7,,
18,81483,108-VN-T30,FPQ-10286,SCMS-156150,ASN-16914,Vietnam,PMO - US,Direct Drop,EXW,Air,7/25/2012,8/15/2012,12-Nov-12,12-Nov-12,12-Nov-12,ARV,Adult,CIPLA LIMITED,"Zidovudine 300mg, tablets, 60 Tabs",Zidovudine,Generic,Tablet,60,525,3465.0,6.6,0.11,"Cipla, Goa, India",True,34,807.47,300mg,4.86
19,87,109-TZ-T01,Pre-PQ Process,SCMS-555,ASN-409,Tanzania,PMO - US,Direct Drop,CIP,Air,Pre-PQ Process,4/12/2007,6-Jun-07,6-Jun-07,6-Jun-07,ARV,Pediatric,BRISTOL-MYERS SQUIBB,"Didanosine 2g [Videx], powder for oral solution 10mg/ml, reconstitute to 200 ml",Didanosine,Videx,Powder for oral solution,200,712,8964.08,12.59,0.06,"BMS Meymac, France",True,162,912.96,2g,
20,92,102-NG-T01,Pre-PQ Process,SCMS-592,ASN-485,Nigeria,PMO - US,Direct Drop,EXW,Air,Pre-PQ Process,5/13/2007,19-Jun-07,19-Jun-07,19-Jun-07,HRDT,HIV test,Abbott GmbH & Co. KG,"HIV 1/2, Determine Complete HIV Kit, 100 Tests","HIV 1/2, Determine Complete HIV Kit",Determine,Test kit,100,1000,80000.0,80.0,0.8,ABBVIE GmbH & Co.KG Wiesbaden,True,341,2682.47,,128.0
21,96,102-NG-T01,Pre-PQ Process,SCMS-570,ASN-451,Nigeria,PMO - US,Direct Drop,EXW,Air,Pre-PQ Process,5/17/2007,19-Jun-07,19-Jun-07,19-Jun-07,HRDT,HIV test,"CHEMBIO DIAGNOSTIC SYSTEMS, INC.","HIV 1/2, Stat-Pak HIV, Kit, 20 Tests","HIV 1/2, Stat-Pak HIV, Kit",Stat-Pak,Test kit,20,7500,202500.0,27.0,1.35,Chembio Diagnostics Sys. Inc.,True,2278,15893.71,,
22,108,104-CI-T01,Pre-PQ Process,SCMS-698,ASN-727,Côte d'Ivoire,PMO - US,Direct Drop,CIP,Air,Pre-PQ Process,7/13/2007,2-Oct-07,2-Oct-07,2-Oct-07,ARV,Pediatric,BRISTOL-MYERS SQUIBB,"#102198**Didanosine 200mg [Videx], tablets, 60 Tabs",Didanosine,Videx,Tablet,60,5513,140581.5,25.5,0.42,"BMS Meymac, France",True,2126,Freight Included in Commodity Cost,200mg,224.93
23,115,108-VN-T01,Pre-PQ Process,SCMS-753,ASN-781,Vietnam,PMO - US,Direct Drop,EXW,Air,Pre-PQ Process,7/4/2007,15-Oct-07,15-Oct-07,15-Oct-07,ARV,Pediatric,Aurobindo Pharma Limited,"Nevirapine 10mg/ml, oral suspension, Bottle, 240 ml",Nevirapine,Generic,Oral suspension,240,1000,1920.0,1.92,0.01,"Aurobindo Unit III, India",True,941,4193.49,10mg/ml,3.07
24,116,108-VN-T01,Pre-PQ Process,SCMS-759,ASN-632,Vietnam,PMO - US,Direct Drop,FCA,Air,Pre-PQ Process,7/4/2007,27-Aug-07,27-Aug-07,27-Aug-07,ARV,Adult,ABBVIE LOGISTICS (FORMERLY ABBOTT LOGISTICS BV),"Lopinavir/Ritonavir 200/50mg [Aluvia], tablets, 120 Tabs",Lopinavir/Ritonavir,Aluvia,Tablet,120,500,41095.0,82.19,0.68,ABBVIE Ludwigshafen Germany,True,117,1767.38,200/50mg,65.75
25,130,100-HT-T01,Pre-PQ Process,SCMS-10080,ASN-628,Haiti,PMO - US,Direct Drop,EXW,Air,Pre-PQ Process,7/26/2007,13-Aug-07,21-Aug-07,21-Aug-07,HRDT,HIV test,"Orgenics, Ltd","HIV 1/2, Determine HIV Kit, without Lancets, 100 Tests","HIV 1/2, Determine HIV Kit, without Lancets",Determine,Test kit,100,750,53992.5,71.99,0.72,Inverness Japan,True,171,3518.38,,86.39
26,134,100-HT-T01,Pre-PQ Process,SCMS-10130,ASN-616,Haiti,PMO - US,Direct Drop,EXW,Air,Pre-PQ Process,7/26/2007,25-Aug-07,25-Aug-07,25-Aug-07,HRDT,HIV test,Orasure Technologies Inc.,"HIV 1/2, OraQuick Advance HIV Rapid Antibody Kit, 100 Tests","HIV 1/2, OraQuick Advance HIV Rapid Antibody Kit",OraQuick,Test kit,100,25,8750.0,350.0,3.5,"Pacific Biotech, Thailand",True,60,3097.85,,14.0
27,138,109-TZ-T01,Pre-PQ Process,SCMS-10270,ASN-710,Tanzania,PMO - US,Direct Drop,EXW,Air,Pre-PQ Process,Date Not Captured,16-Oct-07,16-Oct-07,16-Oct-07,HRDT,HIV test,"Standard Diagnostics, Inc.","HIV 1/2, Bioline 3.0 Kit, Lancets, Capillary pipets, Alcohol swabs included, 25 Tests","HIV 1/2, Bioline 3.0 Kit, Lancets, Capillary pipets, Alcohol swabs included",Bioline,Test kit,25,10000,200000.0,20.0,0.8,"Standard Diagnostics, Korea",True,3335,27869.74,,320.0
28,139,109-TZ-T01,Pre-PQ Process,SCMS-10290,ASN-788,Tanzania,PMO - US,Direct Drop,EXW,Air,Pre-PQ Process,Date Not Captured,22-Nov-07,22-Nov-07,22-Nov-07,HRDT,HIV test,"Standard Diagnostics, Inc.","HIV 1/2, Bioline 3.0 Kit, Lancets, Capillary pipets, Alcohol swabs included, 25 Tests","HIV 1/2, Bioline 3.0 Kit, Lancets, Capillary pipets, Alcohol swabs included",Bioline,Test kit,25,10000,200000.0,20.0,0.8,"Standard Diagnostics, Korea",True,3335,28461.1,,320.0
29,140,109-TZ-T01,Pre-PQ Process,SCMS-10300,ASN-856,Tanzania,PMO - US,Direct Drop,EXW,Air,Pre-PQ Process,Date Not Captured,22-Nov-07,22-Nov-07,22-Nov-07,HRDT,HIV test,"Standard Diagnostics, Inc.","HIV 1/2, Bioline 3.0 Kit, Lancets, Capillary pipets, Alcohol swabs included, 25 Tests","HIV 1/2, Bioline 3.0 Kit, Lancets, Capillary pipets, Alcohol swabs included",Bioline,Test kit,25,10000,200000.0,20.0,0.8,"Standard Diagnostics, Korea",True,3335,28359.8,,320.0
30,161,117-ET-T01,Pre-PQ Process,SCMS-11070,ASN-916,Ethiopia,PMO - US,Direct Drop,EXW,Air,Pre-PQ Process,10/3/2007,20-Nov-07,20-Nov-07,20-Nov-07,ARV,Adult,Aurobindo Pharma Limited,"Stavudine 30mg, capsules, 60 Caps",Stavudine,Generic,Capsule,60,64000,99200.0,1.55,0.03,"Aurobindo Unit III, India",True,4228,12237.61,30mg,158.72
31,176,102-NG-T01,Pre-PQ Process,SCMS-11750,ASN-745,Nigeria,PMO - US,Direct Drop,EXW,Air,Pre-PQ Process,8/28/2007,3-Oct-07,3-Oct-07,3-Oct-07,HRDT,HIV test,"CHEMBIO DIAGNOSTIC SYSTEMS, INC.","HIV 1/2, Stat-Pak HIV, Kit, 20 Tests","HIV 1/2, Stat-Pak HIV, Kit",Stat-Pak,Test kit,20,10000,270000.0,27.0,1.35,Chembio Diagnostics Sys. Inc.,True,3263,20885.78,,432.0
32,262,116-ZA-T01,Pre-PQ Process,SCMS-14050,ASN-1251,South Africa,PMO - US,Direct Drop,DDP,,Pre-PQ Process,11/12/2007,29-Jan-08,29-Jan-08,29-Jan-08,ARV,Pediatric,"JSI R&T INSTITUTE, INC.","Zidovudine 10mg/ml [Retrovir], oral solution, Bottle, 200 ml",Zidovudine,Retrovir,Oral solution,200,40,317.6,7.94,0.04,GSK Mississauga (Canada),True,Weight Captured Separately,Freight Included in Commodity Cost,10mg/ml,0.51
33,269,108-VN-T01,Pre-PQ Process,SCMS-14190,ASN-1192,Vietnam,PMO - US,Direct Drop,EXW,Air,Pre-PQ Process,11/19/2007,21-Jan-08,21-Jan-08,21-Jan-08,ARV,Adult,"GILEAD SCIENCES IRELAND, INC.","Tenofovir Disoproxil Fumarate 300mg [Viread], tablets, 30 Tabs",Tenofovir Disoproxil Fumarate,Viread,Tablet,30,1000,17000.0,17.0,0.57,Gilead(Nycomed) Oranienburg DE,True,76,2282.57,300mg,27.2
34,270,108-VN-T01,Pre-PQ Process,SCMS-14200,ASN-1171,Vietnam,PMO - US,Direct Drop,EXW,Air,Pre-PQ Process,11/21/2007,21-Jan-08,21-Jan-08,21-Jan-08,ARV,Adult,SUN PHARMACEUTICAL INDUSTRIES LTD (RANBAXY LABORATORIES LIMITED),"Zidovudine 300mg, tablets, 60 Tabs",Zidovudine,Generic,Tablet,60,400,3352.0,8.38,0.14,"Ranbaxy, Paonta Shahib, India",True,23,2149.05,300mg,5.36
35,284,107-RW-T01,Pre-PQ Process,SCMS-14630,ASN-1253,Rwanda,PMO - US,Direct Drop,EXW,Air,Pre-PQ Process,12/10/2007,31-Jan-08,31-Jan-08,31-Jan-08,HRDT,HIV test - Ancillary,"Orgenics, Ltd","HIV, Lancet, Safety, for HIV Test kits, 100 Pcs","HIV, Lancet, Safety, for HIV Test kits, 100 Pcs",Generic,Test kit - Ancillary,100,1500,15.0,0.01,0.0,Inverness Japan,True,99,0.75,,0.02
36,305,123-NG-T01,Pre-PQ Process,SCMS-15550,ASN-1269,Nigeria,PMO - US,Direct Drop,EXW,Air,Pre-PQ Process,Date Not Captured,5-Feb-08,5-Feb-08,5-Feb-08,HRDT,HIV test - Ancillary,"Orgenics, Ltd","HIV, Lancet, Safety, for HIV Test kits, 100 Pcs","HIV, Lancet, Safety, for HIV Test kits, 100 Pcs",Generic,Test kit - Ancillary,100,650,6.5,0.01,0.0,Inverness Japan,True,Weight Captured Separately,Invoiced Separately,,0.01
37,343,116-ZA-T01,Pre-PQ Process,SCMS-16600,ASN-1520,South Africa,PMO - US,Direct Drop,DDP,,Pre-PQ Process,1/4/2008,21-Jan-08,4-Jan-08,4-Jan-08,ARV,Pediatric,"JSI R&T INSTITUTE, INC.","Stavudine 1mg/ml [Zerit], powder for oral solution, Bottle, 200 ml",Stavudine,Zerit,Powder for oral solution,200,200,340.0,1.7,0.01,"BMS Meymac, France",True,Weight Captured Separately,Freight Included in Commodity Cost,1mg/ml,0.54
38,361,125-HT-T01,Pre-PQ Process,SCMS-14080,ASN-1318,Haiti,PMO - US,Direct Drop,EXW,Air,Pre-PQ Process,Date Not Captured,18-Feb-08,18-Feb-08,18-Feb-08,HRDT,HIV test,"Trinity Biotech, Plc","HIV 1/2, Capillus HIV Kit, 100 Tests","HIV 1/2, Capillus HIV Kit",Capillus,Test kit,100,2,278.0,139.0,1.39,"Trinity Biotech, Plc",True,Weight Captured Separately,Invoiced Separately,,0.44
39,391,104-CI-T01,Pre-PQ Process,SCMS-18290,ASN-1879,Côte d'Ivoire,PMO - US,Direct Drop,EXW,Air,Pre-PQ Process,2/27/2008,17-Jun-08,17-Jun-08,17-Jun-08,HRDT,HIV test,BIO-RAD LABORATORIES (FRANCE),"#108853** HIV, Genie II HIV-1/HIV-2 Kit, 40 Tests","HIV, Genie II HIV-1/HIV-2 Kit",Genie,Test kit,40,476,36176.0,76.0,1.9,Bio-Rad Laboratories,True,509,5446.51,,57.88
40,392,104-CI-T01,Pre-PQ Process,SCMS-18310,ASN-3435,Côte d'Ivoire,PMO - US,Direct Drop,EXW,Air,Pre-PQ Process,3/3/2008,19-Mar-09,19-Mar-09,19-Mar-09,HRDT,HIV test,"Standard Diagnostics, Inc.","HIV 1/2, Bioline 3.0 Kit, Lancets, Capillary pipets, Alcohol swabs included, 25 Tests","HIV 1/2, Bioline 3.0 Kit, Lancets, Capillary pipets, Alcohol swabs included",Bioline,Test kit,25,659,13180.0,20.0,0.8,"Standard Diagnostics, Korea",True,206,2656.12,,25.83
41,398,102-GY-T01,Pre-PQ Process,SCMS-18480,ASN-1502,Guyana,PMO - US,Direct Drop,EXW,Air,Pre-PQ Process,2/28/2008,9-Apr-08,1-Apr-08,1-Apr-08,HRDT,HIV test - Ancillary,"Orgenics, Ltd","HIV, Lancet, Safety, for HIV Test kits, 100 Pcs","HIV, Lancet, Safety, for HIV Test kits, 100 Pcs",Generic,Test kit - Ancillary,100,240,2.4,0.01,0.0,Inverness Japan,True,Weight Captured Separately,Invoiced Separately,,0.0
42,399,102-GY-T01,Pre-PQ Process,SCMS-18500,ASN-2117,Guyana,PMO - US,Direct Drop,EXW,Air,Pre-PQ Process,2/28/2008,28-Jul-08,28-Jul-08,28-Jul-08,HRDT,HIV test - Ancillary,"Orgenics, Ltd","HIV, Lancet, Safety, for HIV Test kits, 100 Pcs","HIV, Lancet, Safety, for HIV Test kits, 100 Pcs",Generic,Test kit - Ancillary,100,213,2.13,0.01,0.0,Inverness Japan,True,14,360,,0.0
43,400,117-ET-T01,Pre-PQ Process,SCMS-18430,ASN-1465,Ethiopia,PMO - US,Direct Drop,DDP,,Pre-PQ Process,2/29/2008,11-Mar-08,11-Mar-08,11-Mar-08,HRDT,HIV test,TURE PHARMACEUTICALS & MEDICAL SUPPLIES P.L.C.,"HIV 1/2, Capillus HIV Kit, 100 Tests","HIV 1/2, Capillus HIV Kit",Capillus,Test kit,100,63,13399.25,212.69,2.13,"Trinity Biotech, Plc",True,Weight Captured Separately,Freight Included in Commodity Cost,,21.44
44,410,113-ZW-T01,Pre-PQ Process,SCMS-18870,ASN-2434,Zimbabwe,PMO - US,Direct Drop,EXW,Air,Pre-PQ Process,3/17/2008,17-Nov-08,17-Nov-08,17-Nov-08,HRDT,HIV test,"Orgenics, Ltd","HIV 1/2, Determine HIV Kit, without Lancets, 100 Tests","HIV 1/2, Determine HIV Kit, without Lancets",Determine,Test kit,100,1634,117631.66,71.99,0.72,Inverness Japan,True,373,4112.46,,188.21
45,411,123-NG-T01,Pre-PQ Process,SCMS-18940,ASN-1467,Nigeria,PMO - US,Direct Drop,EXW,Air,Pre-PQ Process,3/13/2008,17-Apr-08,17-Apr-08,17-Apr-08,HRDT,HIV test,"CHEMBIO DIAGNOSTIC SYSTEMS, INC.","HIV 1/2, Stat-Pak HIV, Kit, 20 Tests","HIV 1/2, Stat-Pak HIV, Kit",Stat-Pak,Test kit,20,1425,38475.0,27.0,1.35,Chembio Diagnostics Sys. Inc.,True,483,5468.88,,61.56
46,414,119-NA-T01,Pre-PQ Process,SCMS-19130,ASN-1798,Namibia,PMO - US,Direct Drop,EXW,Air,Pre-PQ Process,3/18/2008,4-Jun-08,4-Jun-08,4-Jun-08,HRDT,HIV test,"Orgenics, Ltd","HIV 1/2, Determine HIV Kit, without Lancets, 100 Tests","HIV 1/2, Determine HIV Kit, without Lancets",Determine,Test kit,100,142,10222.58,71.99,0.72,Inverness Japan,True,33,1715.17,,16.36
47,420,108-VN-T01,Pre-PQ Process,SCMS-19490,ASN-1753,Vietnam,PMO - US,Direct Drop,EXW,Air,Pre-PQ Process,3/31/2008,3-Jun-08,3-Jun-08,3-Jun-08,ARV,Adult,MYLAN LABORATORIES LTD (FORMERLY MATRIX LABORATORIES),"Efavirenz 600mg, tablets, 30 Tabs",Efavirenz,Generic,Tablet,30,8400,96432.0,11.48,0.38,Mylan (formerly Matrix) Nashik,True,654,4051.34,600mg,154.29
48,422,116-ZA-T01,Pre-PQ Process,SCMS-19800,ASN-1665,South Africa,PMO - US,Direct Drop,DDP,Truck,Pre-PQ Process,2/20/2008,24-Apr-08,24-Apr-08,24-Apr-08,ARV,Adult,S. BUYS WHOLESALER,"Saquinavir 200mg [Invirase], capsules, 270 Caps",Saquinavir,Invirase,Capsule,270,6,405.06,67.51,0.25,Roche Basel,True,Weight Captured Separately,Freight Included in Commodity Cost,200mg,0.65
49,423,116-ZA-T01,Pre-PQ Process,SCMS-19800,ASN-1665,South Africa,PMO - US,Direct Drop,DDP,Truck,Pre-PQ Process,2/20/2008,24-Apr-08,24-Apr-08,24-Apr-08,ARV,Pediatric,S. BUYS WHOLESALER,"Stavudine 1mg/ml [Zerit], powder for oral solution, Bottle, 200 ml",Stavudine,Zerit,Powder for oral solution,200,600,870.0,1.45,0.01,"BMS Meymac, France",False,Weight Captured Separately,Freight Included in Commodity Cost,1mg/ml,1.39
50,438,108-VN-T01,Pre-PQ Process,SCMS-20310,ASN-1923,Vietnam,PMO - US,Direct Drop,CIP,Air,Pre-PQ Process,3/31/2008,12-Jul-08,12-Jul-08,12-Jul-08,ARV,Pediatric,BRISTOL-MYERS SQUIBB,"Didanosine 25mg [Videx], chewable tablets, 60 Tabs",Didanosine,Videx,Chewable/dispersible tablet,60,400,2800.0,7.0,0.12,"BMS Meymac, France",True,81,2211.05,25mg,4.48
51,459,116-ZA-T01,Pre-PQ Process,SCMS-21460,ASN-1667,South Africa,PMO - US,Direct Drop,DDP,,Pre-PQ Process,4/4/2008,25-Apr-08,7-Apr-08,7-Apr-08,ARV,Pediatric,S. BUYS WHOLESALER,"Didanosine 25mg [Videx], chewable tablets, 60 Tabs",Didanosine,Videx,Chewable/dispersible tablet,60,6,77.1,12.85,0.21,"BMS Meymac, France",True,Weight Captured Separately,Freight Included in Commodity Cost,25mg,0.12
52,464,102-NG-T01,Pre-PQ Process,SCMS-21540,ASN-2008,Nigeria,PMO - US,Direct Drop,EXW,Air,Pre-PQ Process,Date Not Captured,9-Jul-08,9-Jul-08,9-Jul-08,HRDT,HIV test,"Orgenics, Ltd","HIV 1/2, Determine HIV Kit, without Lancets, 100 Tests","HIV 1/2, Determine HIV Kit, without Lancets",Determine,Test kit,100,5498,439785.02,79.99,0.8,Inverness Japan,True,1251,16090.22,,703.66
53,465,102-NG-T01,Pre-PQ Process,SCMS-21540,ASN-2011,Nigeria,PMO - US,Direct Drop,EXW,Air,Pre-PQ Process,Date Not Captured,9-Jul-08,4-Jul-08,4-Jul-08,HRDT,HIV test - Ancillary,"Orgenics, Ltd","HIV, Lancet, Safety, for HIV Test kits, 100 Pcs","HIV, Lancet, Safety, for HIV Test kits, 100 Pcs",Generic,Test kit - Ancillary,100,5498,54.98,0.01,0.0,Inverness Japan,True,Weight Captured Separately,Invoiced Separately,,0.09
54,466,117-ET-T01,Pre-PQ Process,SCMS-21550,ASN-1741,Ethiopia,PMO - US,Direct Drop,DDP,Air,Pre-PQ Process,Date Not Captured,9-May-08,9-May-08,9-May-08,HRDT,HIV test,TURE PHARMACEUTICALS & MEDICAL SUPPLIES P.L.C.,"HIV 1/2, Uni-Gold HIV Kit, 20 Tests","HIV 1/2, Uni-Gold HIV Kit",Uni-Gold,Test kit,20,15,691.42,46.09,2.3,"Trinity Biotech, Plc",True,Weight Captured Separately,Freight Included in Commodity Cost,,1.11
55,530,108-VN-T01,Pre-PQ Process,SCMS-23450,ASN-2336,Vietnam,PMO - US,Direct Drop,EXW,Air,Pre-PQ Process,5/14/2008,19-Sep-08,19-Sep-08,19-Sep-08,ARV,Adult,MYLAN LABORATORIES LTD (FORMERLY MATRIX LABORATORIES),"Tenofovir Disoproxil Fumarate 300mg, tablets, 30 Tabs",Tenofovir Disoproxil Fumarate,Generic,Tablet,30,1344,18359.04,13.66,0.46,Mylan (formerly Matrix) Nashik,True,1537,13507.92,300mg,29.37
56,531,116-ZA-T01,Pre-PQ Process,SCMS-23500,ASN-2783,South Africa,PMO - US,Direct Drop,DDP,Truck,Pre-PQ Process,Date Not Captured,20-Aug-08,20-Aug-08,20-Aug-08,ARV,Adult,S. BUYS WHOLESALER,"Stavudine 20mg [Zerit], capsules, 60 Caps",Stavudine,Zerit,Capsule,60,20,103.4,5.17,0.09,"BMS Meymac, France",True,Weight Captured Separately,Freight Included in Commodity Cost,20mg,0.2
57,532,116-ZA-T01,Pre-PQ Process,SCMS-23500,ASN-2293,South Africa,PMO - US,Direct Drop,DDP,Truck,Pre-PQ Process,Date Not Captured,20-Aug-08,8-May-08,8-May-08,ARV,Adult,S. BUYS WHOLESALER,"Didanosine EC 250mg [Videx EC], delayed-release capsules, Blister 3 x 10 Caps",Didanosine EC,Videx EC,Delayed-release capsules - blister,30,100,1906.0,19.06,0.64,"BMS Meymac, France",True,Weight Captured Separately,Freight Included in Commodity Cost,250mg,3.05
58,533,116-ZA-T01,Pre-PQ Process,SCMS-23500,ASN-2293,South Africa,PMO - US,Direct Drop,DDP,Truck,Pre-PQ Process,Date Not Captured,20-Aug-08,8-May-08,8-May-08,ARV,Pediatric,S. BUYS WHOLESALER,"Stavudine 1mg/ml [Zerit], powder for oral solution, Bottle, 200 ml",Stavudine,Zerit,Powder for oral solution,200,670,1025.1,1.53,0.01,"BMS Meymac, France",False,Weight Captured Separately,Freight Included in Commodity Cost,1mg/ml,1.64
59,535,109-TZ-T01,Pre-PQ Process,SCMS-23610,ASN-2167,Tanzania,PMO - US,Direct Drop,CIP,Air,Pre-PQ Process,5/15/2008,2-Sep-08,2-Sep-08,2-Sep-08,ARV,Adult,BRISTOL-MYERS SQUIBB,"Didanosine EC 400mg [Videx EC], delayed-release capsules, Blister 3 x 10 Caps",Didanosine EC,Videx EC,Delayed-release capsules - blister,30,2597,61470.99,23.67,0.79,"BMS Meymac, France",True,117,645.1,400mg,98.35
60,543,106-HT-T01,Pre-PQ Process,SCMS-23840,ASN-2504,Haiti,PMO - US,Direct Drop,EXW,Air,Pre-PQ Process,5/20/2008,30-Sep-08,30-Sep-08,30-Sep-08,HRDT,HIV test,Orasure Technologies Inc.,"HIV 1/2, OraQuick Advance HIV Rapid Antibody Kit, 100 Tests","HIV 1/2, OraQuick Advance HIV Rapid Antibody Kit",OraQuick,Test kit,100,28,9800.0,350.0,3.5,"Pacific Biotech, Thailand",True,109,782.13,,15.68
61,551,106-HT-T01,Pre-PQ Process,SCMS-24020,ASN-2865,Haiti,PMO - US,Direct Drop,EXW,Air,Pre-PQ Process,5/23/2008,24-Nov-08,24-Nov-08,24-Nov-08,HRDT,HIV test,"Trinity Biotech, Plc","HIV 1/2, Capillus HIV Kit, 100 Tests","HIV 1/2, Capillus HIV Kit",Capillus,Test kit,100,84,11676.0,139.0,1.39,"Trinity Biotech, Plc",True,54,871.57,,22.88
62,598,116-ZA-T01,Pre-PQ Process,SCMS-25540,ASN-2295,South Africa,PMO - US,Direct Drop,DDP,Truck,Pre-PQ Process,Date Not Captured,12-Jun-08,9-Jun-08,9-Jun-08,ARV,Adult,S. BUYS WHOLESALER,"Abacavir 300mg [Ziagen], tablets, Blister 6 x 10 Tabs",Abacavir,Ziagen,Tablet - blister,60,30,1049.4,34.98,0.58,GSK Ware (UK),True,Weight Captured Separately,Freight Included in Commodity Cost,300mg,1.68
63,610,108-VN-T01,Pre-PQ Process,SCMS-26180,ASN-2274,Vietnam,PMO - US,Direct Drop,EXW,Air,Pre-PQ Process,7/1/2008,19-Sep-08,19-Sep-08,19-Sep-08,ARV,Adult,Aurobindo Pharma Limited,"Lamivudine 150mg, tablets, 60 Tabs",Lamivudine,Generic,Tablet,60,38640,92736.0,2.4,0.04,"Aurobindo Unit III, India",True,2719,18614.72,150mg,148.38
64,630,112-NG-T01,Pre-PQ Process,SCMS-26560,ASN-2366,Nigeria,PMO - US,Direct Drop,EXW,Air,Pre-PQ Process,7/2/2008,25-Feb-09,9-Sep-08,9-Sep-08,ACT,ACT,IDA FOUNDATION,"Artemether/Lumefantrine 20/120mg [Coartem], scored tablets, Blister 30 x 18 Tabs",Artemether/Lumefantrine,Coartem,Tablet - FDC + blister,540,34,1547.68,45.52,0.08,"Novartis Pharma AG, Switzerland",True,115,1755.87,20/120mg,2.48
65,637,108-VN-T01,Pre-PQ Process,SCMS-26200,ASN-2563,Vietnam,PMO - US,Direct Drop,EXW,Air,Pre-PQ Process,7/3/2008,8-Oct-08,8-Oct-08,8-Oct-08,ARV,Adult,Aurobindo Pharma Limited,"Stavudine 30mg, capsules, 60 Caps",Stavudine,Generic,Capsule,60,42000,60900.0,1.45,0.02,"Aurobindo Unit III, India",True,2600,10179.16,30mg,97.44
66,646,116-ZA-T01,Pre-PQ Process,SCMS-26820,ASN-2488,South Africa,PMO - US,Direct Drop,DDP,Truck,Pre-PQ Process,Date Not Captured,10-Jul-08,8-Jul-08,8-Jul-08,ARV,Pediatric,S. BUYS WHOLESALER,"Nevirapine 10mg/ml [Viramune], oral suspension, Bottle, 240 ml",Nevirapine,Viramune,Oral suspension,240,50,696.5,13.93,0.06,"BI, Ingelheim, Germany",True,Weight Captured Separately,Freight Included in Commodity Cost,10mg/ml,1.11
67,660,108-VN-T01,Pre-PQ Process,SCMS-27360,ASN-2767,Vietnam,PMO - US,Direct Drop,EXW,Air,Pre-PQ Process,7/24/2008,27-Nov-08,27-Nov-08,27-Nov-08,ARV,Adult,MYLAN LABORATORIES LTD (FORMERLY MATRIX LABORATORIES),"Efavirenz 600mg, tablets, 30 Tabs",Efavirenz,Generic,Tablet,30,16800,171192.0,10.19,0.34,Mylan (formerly Matrix) Nashik,True,1224,4686.88,600mg,335.54
68,668,102-GY-T01,Pre-PQ Process,SCMS-27670,ASN-2255,Guyana,PMO - US,Direct Drop,CIP,Air,Pre-PQ Process,7/25/2008,15-Aug-08,15-Aug-08,15-Aug-08,MRDT,Malaria,ZEPHYR BIOMEDICALS,"Malaria Paramax-3 Kit, 25 Tests",Malaria Paramax-3 Kit,Paramax,Test kit,25,98,3675.0,37.5,1.5,Not Applicable,True,34,180,,5.88
69,670,110-ZM-T01,Pre-PQ Process,SCMS-27790,ASN-2641,Zambia,PMO - US,Direct Drop,EXW,Air,Pre-PQ Process,7/31/2008,20-Oct-08,20-Oct-08,20-Oct-08,HRDT,HIV test,"Orgenics, Ltd","HIV 1/2, Determine HIV Kit, without Lancets, 100 Tests","HIV 1/2, Determine HIV Kit, without Lancets",Determine,Test kit,100,4500,323955.0,71.99,0.72,Inverness Japan,True,1053,11062.05,,634.95
70,712,119-NA-T01,Pre-PQ Process,SCMS-28840,ASN-2450,Namibia,PMO - US,Direct Drop,EXW,Air,Pre-PQ Process,8/26/2008,18-Sep-08,18-Sep-08,18-Sep-08,HRDT,HIV test,"Trinity Biotech, Plc","HIV 1/2, Uni-Gold HIV Kit, 20 Tests","HIV 1/2, Uni-Gold HIV Kit",Uni-Gold,Test kit,20,10,320.0,32.0,1.6,"Trinity Biotech, Plc",True,Weight Captured Separately,Invoiced Separately,,0.51
71,717,104-CI-T01,Pre-PQ Process,SCMS-29140,ASN-2472,Côte d'Ivoire,PMO - US,Direct Drop,EXW,Air,Pre-PQ Process,8/27/2008,2-Oct-08,2-Oct-08,2-Oct-08,HRDT,HIV test,BIO-RAD LABORATORIES (FRANCE),"#108853** HIV, Genie II HIV-1/HIV-2 Kit, 40 Tests","HIV, Genie II HIV-1/HIV-2 Kit",Genie,Test kit,40,500,38000.0,76.0,1.9,Bio-Rad Laboratories,True,562,11298.13,,60.8
72,719,104-CI-T01,Pre-PQ Process,SCMS-29340,ASN-2921,Côte d'Ivoire,PMO - US,Direct Drop,EXW,Air,Pre-PQ Process,9/3/2008,23-Jan-09,23-Jan-09,23-Jan-09,ACT,ACT,IDA FOUNDATION,"Artesunate+Amodiaquine 50+153mg, tablets, co-blister 6+6 Tabs",Artesunate+Amodiaquine,Generic,Tablet - FDC + co-blister,12,25000,9750.0,0.39,0.03,Ipca Dadra/Nagar Haveli IN,True,1708,12830.91,50+153mg,19.11
73,772,131-NG-T01,Pre-PQ Process,SCMS-30502,ASN-3653,Nigeria,PMO - US,Direct Drop,CIP,Air,Pre-PQ Process,3/6/2009,10-Mar-09,8-Apr-09,8-Apr-09,ARV,Adult,MERCK SHARP & DOHME IDEA GMBH (FORMALLY MERCK SHARP & DOHME B.V.),"Efavirenz/Emtricitabine/Tenofovir Disoproxil Fumarate 600/200/300mg [Atripla], tablets, 30 Tabs",Efavirenz/Emtricitabine/Tenofovir Disoproxil Fumarate,Atripla,Tablet - FDC,30,9,453.6,50.4,1.68,"MSD, Haarlem, NL",True,Weight Captured Separately,Freight Included in Commodity Cost,600/200/300mg,0.89
74,791,119-NA-T01,Pre-PQ Process,SCMS-31180,ASN-2717,Namibia,PMO - US,Direct Drop,EXW,Air,Pre-PQ Process,9/24/2008,29-Oct-08,29-Oct-08,29-Oct-08,HRDT,HIV test,"Orgenics, Ltd","HIV 1/2, Determine HIV Kit, without Lancets, 100 Tests","HIV 1/2, Determine HIV Kit, without Lancets",Determine,Test kit,100,150,10798.5,71.99,0.72,Inverness Japan,True,46,2698.04,,21.17
75,796,102-BW-T01,Pre-PQ Process,SCMS-31370,ASN-2796,Botswana,PMO - US,Direct Drop,EXW,Air,Pre-PQ Process,10/2/2008,28-Nov-08,28-Nov-08,28-Nov-08,HRDT,HIV test - Ancillary,"Trinity Biotech, Plc","#109436**HIV 1, Uni-Gold Recombigen HIV Control, Vial 2 x 0.5 ml","HIV 1, Uni-Gold Recombigen HIV Control, Vial 2 x 0.5 ml",Uni-Gold,Test kit - Ancillary,2,15,450.0,30.0,15.0,"Trinity Biotech, Plc",True,1,578.01,,0.88
76,797,110-ZM-T01,Pre-PQ Process,SCMS-31380,ASN-3172,Zambia,PMO - US,Direct Drop,EXW,Air,Pre-PQ Process,10/2/2008,23-Jan-09,23-Jan-09,23-Jan-09,HRDT,HIV test,"Standard Diagnostics, Inc.","HIV 1/2, Bioline 3.0 Kit, Lancets, Capillary pipets, Alcohol swabs included, 25 Tests","HIV 1/2, Bioline 3.0 Kit, Lancets, Capillary pipets, Alcohol swabs included",Bioline,Test kit,25,319,6380.0,20.0,0.8,"Standard Diagnostics, Korea",True,100,1122.24,,12.5
77,835,116-ZA-T01,Pre-PQ Process,SCMS-33320,ASN-3553,South Africa,PMO - US,Direct Drop,DDP,Truck,Pre-PQ Process,Date Not Captured,17-May-09,9-Oct-08,9-Oct-08,ARV,Adult,S. BUYS WHOLESALER,"Tenofovir Disoproxil Fumarate 300mg [Viread], tablets, 30 Tabs",Tenofovir Disoproxil Fumarate,Viread,Tablet,30,80,1830.4,22.88,0.76,"Aspen-OSD, Port Elizabeth, SA",True,Weight Captured Separately,Freight Included in Commodity Cost,300mg,3.59
78,836,116-ZA-T01,Pre-PQ Process,SCMS-33320,ASN-3892,South Africa,PMO - US,Direct Drop,DDP,Truck,Pre-PQ Process,Date Not Captured,17-May-09,17-May-09,17-May-09,ARV,Adult,S. BUYS WHOLESALER,"Tenofovir Disoproxil Fumarate 300mg [Viread], tablets, 30 Tabs",Tenofovir Disoproxil Fumarate,Viread,Tablet,30,120,2745.6,22.88,0.76,"Aspen-OSD, Port Elizabeth, SA",True,Weight Captured Separately,Freight Included in Commodity Cost,300mg,5.38
79,837,116-ZA-T01,Pre-PQ Process,SCMS-33320,ASN-3553,South Africa,PMO - US,Direct Drop,DDP,Truck,Pre-PQ Process,Date Not Captured,17-May-09,9-Oct-08,9-Oct-08,ARV,Pediatric,S. BUYS WHOLESALER,"Stavudine 1mg/ml [Zerit], powder for oral solution, Bottle, 200 ml",Stavudine,Zerit,Powder for oral solution,200,600,858.0,1.43,0.01,"BMS Meymac, France",False,Weight Captured Separately,Freight Included in Commodity Cost,1mg/ml,1.68
80,838,116-ZA-T01,Pre-PQ Process,SCMS-33320,ASN-3553,South Africa,PMO - US,Direct Drop,DDP,Truck,Pre-PQ Process,Date Not Captured,17-May-09,9-Oct-08,9-Oct-08,ARV,Pediatric,S. BUYS WHOLESALER,"Didanosine 100mg [Videx],chewable tablets, 60 Tabs",Didanosine,Videx,Chewable/dispersible tablet,60,7,91.35,13.05,0.22,"BMS Meymac, France",False,Weight Captured Separately,Freight Included in Commodity Cost,100mg,0.18
81,2947,108-VN-T01,Pre-PQ Process,SCMS-14930,ASN-1231,Vietnam,PMO - US,Direct Drop,EXW,Air,Pre-PQ Process,12/5/2007,22-Jan-08,22-Jan-08,22-Jan-08,ARV,Adult,Aurobindo Pharma Limited,"Stavudine 15mg, capsules, 60 Caps",Stavudine,Generic,Capsule,60,400,600.0,1.5,0.02,"Aurobindo Unit III, India",True,83,2426.05,15mg,0.96
82,839,116-ZA-T01,Pre-PQ Process,SCMS-33320,ASN-3553,South Africa,PMO - US,Direct Drop,DDP,Truck,Pre-PQ Process,Date Not Captured,17-May-09,9-Oct-08,9-Oct-08,ARV,Pediatric,S. BUYS WHOLESALER,"Lopinavir/Ritonavir 80/20mg/ml [Kaletra], oral solution, cool, Bottle 5 x 60 ml",Lopinavir/Ritonavir,Kaletra,Oral solution,300,40,1375.6,34.39,0.11,ABBVIE (Abbott) Logis. UK,False,Weight Captured Separately,Freight Included in Commodity Cost,80/20mg/ml,2.7
83,849,102-GY-T01,Pre-PQ Process,SCMS-33930,ASN-3209,Guyana,PMO - US,Direct Drop,CIP,Air,Pre-PQ Process,11/19/2008,6-Feb-09,6-Feb-09,6-Feb-09,MRDT,Malaria,ZEPHYR BIOMEDICALS,"Malaria Paramax-3 Kit, 25 Tests",Malaria Paramax-3 Kit,Paramax,Test kit,25,108,4050.0,37.5,1.5,Not Applicable,True,Weight Captured Separately,Freight Included in Commodity Cost,,7.94
84,858,109-TZ-T01,Pre-PQ Process,SCMS-34680,ASN-3332,Tanzania,PMO - US,Direct Drop,CIP,Air,Pre-PQ Process,12/19/2008,21-Apr-09,21-Apr-09,21-Apr-09,ARV,Adult,MERCK SHARP & DOHME IDEA GMBH (FORMALLY MERCK SHARP & DOHME B.V.),"Efavirenz/Emtricitabine/Tenofovir Disoproxil Fumarate 600/200/300mg [Atripla], tablets, 30 Tabs",Efavirenz/Emtricitabine/Tenofovir Disoproxil Fumarate,Atripla,Tablet - FDC,30,50000,2520000.0,50.4,1.68,"MSD, Haarlem, NL",True,4093,9339,600/200/300mg,4939.2
85,914,104-CI-T01,Pre-PQ Process,SCMS-35790,ASN-3242,Côte d'Ivoire,PMO - US,Direct Drop,EXW,Air,Pre-PQ Process,12/19/2008,2-Mar-09,2-Mar-09,2-Mar-09,ANTM,Malaria,IDA FOUNDATION,"Quinine 600mg/2ml (as dihydrochloride), injection, 2ml x 100 Ampules",Quinine (as dihydrochloride),Generic,Injection,100,140,2731.4,19.51,0.2,Gland Pharma Ltd Pally Factory,True,5209,25405.22,600mg/2ml,5.35
86,937,111-MZ-T01,Pre-PQ Process,SCMS-36660,ASN-3509,Mozambique,PMO - US,Direct Drop,EXW,Air,Pre-PQ Process,1/5/2009,23-Mar-09,23-Mar-09,23-Mar-09,HRDT,HIV test,"Trinity Biotech, Plc","HIV 1/2, Uni-Gold HIV Kit, 20 Tests","HIV 1/2, Uni-Gold HIV Kit",Uni-Gold,Test kit,20,5700,182400.0,32.0,1.6,"Trinity Biotech, Plc",True,1906,23914.8,,357.5
87,960,108-VN-T01,Pre-PQ Process,SCMS-37170,ASN-3562,Vietnam,PMO - US,Direct Drop,EXW,Air,Pre-PQ Process,1/16/2009,10-Apr-09,10-Apr-09,10-Apr-09,ARV,Adult,Aurobindo Pharma Limited,"Lamivudine/Zidovudine 150/300mg, tablets, 60 Tabs",Lamivudine/Zidovudine,Generic,Tablet - FDC,60,5964,51350.04,8.61,0.14,"Aurobindo Unit III, India",True,3509,12835.2,150/300mg,100.65
88,961,108-VN-T01,Pre-PQ Process,SCMS-37170,ASN-3562,Vietnam,PMO - US,Direct Drop,EXW,Air,Pre-PQ Process,1/16/2009,10-Apr-09,10-Apr-09,10-Apr-09,ARV,Adult,Aurobindo Pharma Limited,"Lamivudine 150mg, tablets, 60 Tabs",Lamivudine,Generic,Tablet,60,21000,50400.0,2.4,0.04,"Aurobindo Unit III, India",False,See ASN-3562 (ID#:960),See ASN-3562 (ID#:960),150mg,98.78
89,962,108-VN-T01,Pre-PQ Process,SCMS-37180,ASN-3521,Vietnam,PMO - US,Direct Drop,EXW,Air,Pre-PQ Process,1/16/2009,23-Mar-09,23-Mar-09,23-Mar-09,ARV,Adult,CIPLA LIMITED,"Lamivudine/Nevirapine/Stavudine 150/200/30mg, tablets, 60 Tabs",Lamivudine/Nevirapine/Stavudine,Generic,Tablet - FDC,60,10560,72864.0,6.9,0.12,"Cipla, Goa, India",True,924,4225.93,150/200/30mg,142.81
90,979,108-VN-T01,Pre-PQ Process,SCMS-31721,ASN-3454,Vietnam,PMO - US,Direct Drop,EXW,Air,Pre-PQ Process,10/21/2008,16-Mar-09,16-Mar-09,16-Mar-09,ARV,Adult,Aurobindo Pharma Limited,"Lamivudine/Zidovudine 150/300mg, tablets, 60 Tabs",Lamivudine/Zidovudine,Generic,Tablet - FDC,60,2352,20250.72,8.61,0.14,"Aurobindo Unit III, India",True,211,892.5,150/300mg,39.69
91,985,109-TZ-T01,Pre-PQ Process,SCMS-38370,ASN-3751,Tanzania,PMO - US,Direct Drop,FCA,Air,Pre-PQ Process,2/5/2009,28-May-09,28-May-09,28-May-09,ARV,Pediatric,ABBVIE LOGISTICS (FORMERLY ABBOTT LOGISTICS BV),"Lopinavir/Ritonavir 80/20mg/ml [Kaletra], oral solution, cool, Bottle 5 x 60 ml",Lopinavir/Ritonavir,Kaletra,Oral solution,300,524,21536.4,41.1,0.14,ABBVIE (Abbott) Logis. UK,True,644,6668.61,80/20mg/ml,42.21
92,986,109-TZ-T01,Pre-PQ Process,SCMS-38380,ASN-3627,Tanzania,PMO - US,Direct Drop,FCA,Air,Pre-PQ Process,2/5/2009,4-May-09,4-May-09,4-May-09,ARV,Pediatric,ABBVIE LOGISTICS (FORMERLY ABBOTT LOGISTICS BV),"Lopinavir/Ritonavir 100/25mg [Aluvia], tablets, 60 Tabs",Lopinavir/Ritonavir,Generic,Tablet,60,2094,21526.32,10.28,0.17,ABBVIE Ludwigshafen Germany,True,237,Freight Included in Commodity Cost,100/25mg,42.19
93,993,107-RW-T01,Pre-PQ Process,SCMS-38660,ASN-3710,Rwanda,PMO - US,Direct Drop,EXW,Air,Pre-PQ Process,2/18/2009,28-Apr-09,28-Apr-09,28-Apr-09,HRDT,HIV test,Premier Medical Corporation Ltd.,"HIV 1/2/O, First Response HIV 1-2.0, v.3.0 Cards Kit, 30 Tests","HIV 1/2/O, First Response HIV 1-2.0, v.3.0 Cards Kit",First Response,Test kit,30,8249,185602.5,22.5,0.75,Premier Med. Corp Ltd. India,True,2800,12595.81,,363.78
94,1037,123-NG-T01,Pre-PQ Process,SCMS-39640,ASN-4747,Nigeria,PMO - US,Direct Drop,CIP,Air,Pre-PQ Process,3/4/2009,30-Sep-09,30-Sep-09,30-Sep-09,ARV,Adult,BRISTOL-MYERS SQUIBB,"Didanosine EC 400mg [Videx EC], delayed-release capsules, Blister 3 x 10 Caps",Didanosine EC,Videx EC,Delayed-release capsules - blister,30,200,4734.0,23.67,0.79,"BMS Meymac, France",True,11,463,400mg,9.28
95,1046,106-HT-T01,Pre-PQ Process,SCMS-40000,ASN-3675,Haiti,PMO - US,Direct Drop,CIP,Air,Pre-PQ Process,3/6/2009,31-Mar-09,31-Mar-09,31-Mar-09,ARV,Pediatric,BRISTOL-MYERS SQUIBB,"Didanosine 50mg [Videx], chewable tablets, 60 Tabs",Didanosine,Videx,Chewable/dispersible tablet,60,80,760.0,9.5,0.16,"BMS Meymac, France",True,43,260,50mg,1.49
96,1047,106-HT-T01,Pre-PQ Process,SCMS-40000,ASN-3675,Haiti,PMO - US,Direct Drop,CIP,Air,Pre-PQ Process,3/6/2009,31-Mar-09,31-Mar-09,31-Mar-09,ARV,Pediatric,BRISTOL-MYERS SQUIBB,"Didanosine 2g [Videx], powder for oral solution 10mg/ml, reconstitute to 200 ml",Didanosine,Videx,Powder for oral solution,200,32,402.88,12.59,0.06,"BMS Meymac, France",False,See ASN-3675 (ID#:1046),See ASN-3675 (ID#:1046),2g,0.79
97,1048,106-HT-T01,Pre-PQ Process,SCMS-40030,ASN-3750,Haiti,PMO - US,Direct Drop,FCA,Air,Pre-PQ Process,3/6/2009,15-Apr-09,15-Apr-09,15-Apr-09,ARV,Pediatric,ABBVIE LOGISTICS (FORMERLY ABBOTT LOGISTICS BV),"Lopinavir/Ritonavir 100/25mg [Aluvia], tablets, 60 Tabs",Lopinavir/Ritonavir,Generic,Tablet,60,46,472.88,10.28,0.17,ABBVIE Ludwigshafen Germany,True,10,893.22,100/25mg,0.93
98,1063,116-ZA-T01,Pre-PQ Process,SCMS-40810,ASN-3634,South Africa,PMO - US,Direct Drop,DDP,Air,Pre-PQ Process,Date Not Captured,31-Mar-09,2-Dec-08,2-Dec-08,ARV,Adult,S. BUYS WHOLESALER,"Efavirenz 600mg, tablets, 30 Tabs",Efavirenz,Generic,Tablet,30,3025,47522.75,15.71,0.52,"Aurobindo Unit III, India",True,Weight Captured Separately,Freight Included in Commodity Cost,600mg,93.14
99,1065,116-ZA-T01,Pre-PQ Process,SCMS-41040,ASN-3623,South Africa,PMO - US,Direct Drop,DDP,Air,Pre-PQ Process,Date Not Captured,7-Apr-09,3-Dec-08,3-Dec-08,ARV,Adult,S. BUYS WHOLESALER,"Efavirenz 600mg, tablets, 30 Tabs",Efavirenz,Generic,Tablet,30,3500,49840.0,14.24,0.47,"Cipla, Goa, India",True,Weight Captured Separately,Freight Included in Commodity Cost,600mg,97.69
100,1066,116-ZA-T01,Pre-PQ Process,SCMS-41040,ASN-3623,South Africa,PMO - US,Direct Drop,DDP,Air,Pre-PQ Process,Date Not Captured,7-Apr-09,3-Dec-08,3-Dec-08,ARV,Pediatric,S. BUYS WHOLESALER,"Zidovudine 10mg/ml, oral solution, Bottle, 240 ml",Zidovudine,Generic,Oral solution,240,1008,3588.48,3.56,0.01,"Aurobindo Unit III, India",False,Weight Captured Separately,Freight Included in Commodity Cost,10mg/ml,7.03
101,1067,116-ZA-T01,Pre-PQ Process,SCMS-41060,ASN-3624,South Africa,PMO - US,Direct Drop,DDP,Air,Pre-PQ Process,Date Not Captured,5-May-09,23-Dec-08,23-Dec-08,ARV,Pediatric,S. BUYS WHOLESALER,"Stavudine 1mg/ml [Zerit], powder for oral solution, Bottle, 200 ml",Stavudine,Zerit,Powder for oral solution,200,960,1152.0,1.2,0.01,"BMS Meymac, France",True,Weight Captured Separately,Freight Included in Commodity Cost,1mg/ml,2.26
102,1068,116-ZA-T01,Pre-PQ Process,SCMS-41070,ASN-3625,South Africa,PMO - US,Direct Drop,DDP,Air,Pre-PQ Process,Date Not Captured,12-May-09,30-Dec-08,30-Dec-08,ARV,Pediatric,S. BUYS WHOLESALER,"Lamivudine 10mg/ml [Epivir], oral solution, Bottle, 240 ml",Lamivudine,Epivir,Oral solution,240,1800,10512.0,5.84,0.02,GSK Mississauga (Canada),True,Weight Captured Separately,Freight Included in Commodity Cost,10mg/ml,20.6
103,1070,116-ZA-T01,Pre-PQ Process,SCMS-41140,ASN-3752,South Africa,PMO - US,Direct Drop,DDP,Air,Pre-PQ Process,Date Not Captured,31-Mar-09,21-Nov-08,21-Nov-08,ARV,Adult,S. BUYS WHOLESALER,"Stavudine 30mg, capsules, 60 Caps",Stavudine,Generic,Capsule,60,1200,3384.0,2.82,0.05,"Aurobindo Unit III, India",True,Weight Captured Separately,Freight Included in Commodity Cost,30mg,6.63
104,1077,116-ZA-T01,Pre-PQ Process,SCMS-41462,ASN-4361,South Africa,PMO - US,Direct Drop,DDP,Air,Pre-PQ Process,3/18/2009,25-Jun-09,21-Apr-09,21-Apr-09,ARV,Pediatric,S. BUYS WHOLESALER,"Lamivudine 10mg/ml, oral solution, Bottle, 240 ml",Lamivudine,Generic,Oral solution,240,346,1954.9,5.65,0.02,"Aurobindo Unit III, India",True,Weight Captured Separately,Freight Included in Commodity Cost,10mg/ml,3.83
105,1078,116-ZA-T01,Pre-PQ Process,SCMS-41460,ASN-4502,South Africa,PMO - US,Direct Drop,DDP,Truck,Pre-PQ Process,3/18/2009,25-Jun-09,5-Jun-09,5-Jun-09,ARV,Pediatric,S. BUYS WHOLESALER,"Efavirenz 50mg, capsule, 30 Caps",Efavirenz,Generic,Capsule,30,5300,16642.0,3.14,0.1,"Aurobindo Unit III, India",True,Weight Captured Separately,Freight Included in Commodity Cost,50mg,32.62
106,1079,116-ZA-T01,Pre-PQ Process,SCMS-41464,ASN-4634,South Africa,PMO - US,Direct Drop,DDP,Air,Pre-PQ Process,3/18/2009,25-Jun-09,17-Jun-09,17-Jun-09,ARV,Pediatric,S. BUYS WHOLESALER,"Lamivudine 10mg/ml, oral solution, Bottle, 240 ml",Lamivudine,Generic,Oral solution,240,342,1932.3,5.65,0.02,"Aurobindo Unit III, India",True,Weight Captured Separately,Freight Included in Commodity Cost,10mg/ml,3.79
107,1080,116-ZA-T01,Pre-PQ Process,SCMS-41480,ASN-5055,South Africa,PMO - US,Direct Drop,DDP,Truck,Pre-PQ Process,6/15/2009,19-Aug-09,19-Aug-09,19-Aug-09,ARV,Adult,S. BUYS WHOLESALER,"Stavudine 15mg [Zerit], capsules, 60 Caps",Stavudine,Zerit,Capsule,60,2700,10665.0,3.95,0.07,"BMS Meymac, France",True,Weight Captured Separately,Freight Included in Commodity Cost,15mg,20.9
108,1084,116-ZA-T01,Pre-PQ Process,SCMS-41581,ASN-4196,South Africa,PMO - US,Direct Drop,DDP,Air,Pre-PQ Process,3/27/2009,25-Jun-09,14-Apr-09,14-Apr-09,ARV,Adult,S. BUYS WHOLESALER,"Lopinavir/Ritonavir 200/50mg [Aluvia], tablets, 120 Tabs",Lopinavir/Ritonavir,Aluvia,Tablet,120,3735,134385.3,35.98,0.3,ABBVIE Ludwigshafen Germany,True,Weight Captured Separately,Freight Included in Commodity Cost,200/50mg,263.4
109,1085,116-ZA-T01,Pre-PQ Process,SCMS-41589,ASN-4358,South Africa,PMO - US,Direct Drop,DDP,Air,Pre-PQ Process,3/27/2009,25-Jun-09,29-Apr-09,29-Apr-09,ARV,Adult,S. BUYS WHOLESALER,"Zidovudine 300mg [Retrovir], tablets, 60 Tabs",Zidovudine,Retrovir,Tablet,60,6000,80640.0,13.44,0.22,GSK Aranda,True,Weight Captured Separately,Freight Included in Commodity Cost,300mg,158.05
110,1086,116-ZA-T01,Pre-PQ Process,SCMS-41584,ASN-4385,South Africa,PMO - US,Direct Drop,DDP,Air,Pre-PQ Process,3/27/2009,25-Jun-09,20-Apr-09,20-Apr-09,ARV,Adult,S. BUYS WHOLESALER,"Stavudine 30mg, capsules, 60 Caps",Stavudine,Generic,Capsule,60,11672,35016.0,3.0,0.05,"Aurobindo Unit III, India",True,Weight Captured Separately,Freight Included in Commodity Cost,30mg,68.63
111,1095,144-BW-T01,Pre-PQ Process,SCMS-41870,ASN-4896,Botswana,PMO - US,Direct Drop,EXW,Air,Pre-PQ Process,3/25/2009,13-Nov-09,13-Nov-09,13-Nov-09,HRDT,HIV test,Orasure Technologies Inc.,"HIV 1/2, OraQuick Advance HIV Rapid Antibody Kit, 100 Tests","HIV 1/2, OraQuick Advance HIV Rapid Antibody Kit",OraQuick,Test kit,100,20,7000.0,350.0,3.5,"Pacific Biotech, Thailand",True,48,1172.11,,13.72
112,1109,104-CI-T01,Pre-PQ Process,SCMS-42210,ASN-4086,Côte d'Ivoire,PMO - US,Direct Drop,FCA,Air,Pre-PQ Process,3/30/2009,30-Jun-09,30-Jun-09,30-Jun-09,ARV,Adult,ABBVIE LOGISTICS (FORMERLY ABBOTT LOGISTICS BV),"Lopinavir/Ritonavir 200/50mg [Aluvia], tablets, 120 Tabs",Lopinavir/Ritonavir,Aluvia,Tablet,120,10240,420864.0,41.1,0.34,ABBVIE Ludwigshafen Germany,True,2523,14806.48,200/50mg,824.89
113,1110,104-CI-T01,Pre-PQ Process,SCMS-42230,ASN-4423,Côte d'Ivoire,PMO - US,Direct Drop,FCA,Air,Pre-PQ Process,3/30/2009,22-Jul-09,22-Jul-09,22-Jul-09,ARV,Adult,ABBVIE LOGISTICS (FORMERLY ABBOTT LOGISTICS BV),"Ritonavir 100mg [Norvir], capsules, cool, 4 x 84 Caps",Ritonavir,Norvir,Capsule,336,400,15344.0,38.36,0.11,ABBVIE (Abbott) Logis. UK,True,175,7642.97,100mg,30.07
114,1111,116-ZA-T01,Pre-PQ Process,SCMS-47390,ASN-4402,South Africa,PMO - US,Direct Drop,DDP,Truck,Pre-PQ Process,4/2/2009,31-Jul-09,21-Apr-09,21-Apr-09,ARV,Pediatric,S. BUYS WHOLESALER,"Lopinavir/Ritonavir 80/20mg/ml [Kaletra], oral solution, cool, Bottle 5 x 60 ml",Lopinavir/Ritonavir,Kaletra,Oral solution,300,30,1080.0,36.0,0.12,ABBVIE (Abbott) Logis. UK,True,Weight Captured Separately,Freight Included in Commodity Cost,80/20mg/ml,2.12
115,1114,116-ZA-T01,Pre-PQ Process,SCMS-47430,ASN-4244,South Africa,PMO - US,Direct Drop,DDP,Truck,Pre-PQ Process,4/2/2009,15-May-09,17-Apr-09,17-Apr-09,ARV,Adult,S. BUYS WHOLESALER,"Emtricitabine/Tenofovir Disoproxil Fumarate 200/300mg [Truvada], tablets, 30 Tabs",Emtricitabine/Tenofovir Disoproxil Fumarate,Truvada,Tablet - FDC,30,80,2816.0,35.2,1.17,"Aspen-OSD, Port Elizabeth, SA",True,Weight Captured Separately,Freight Included in Commodity Cost,300/200mg,5.52
116,1115,116-ZA-T01,Pre-PQ Process,SCMS-47500,ASN-4332,South Africa,PMO - US,Direct Drop,DDP,Truck,Pre-PQ Process,4/2/2009,15-May-09,23-Apr-09,23-Apr-09,ARV,Adult,S. BUYS WHOLESALER,"Zidovudine 300mg, tablets, 60 Tabs",Zidovudine,Generic,Tablet,60,1000,19770.0,19.77,0.33,"Aurobindo Unit III, India",True,Weight Captured Separately,3134.85,300mg,38.75
117,1122,106-HT-T01,Pre-PQ Process,SCMS-42720,ASN-4787,Haiti,PMO - US,Direct Drop,EXW,Air,Pre-PQ Process,4/2/2009,16-Sep-09,16-Sep-09,16-Sep-09,HRDT,HIV test,Orasure Technologies Inc.,"HIV 1/2, OraQuick Advance HIV Rapid Antibody Kit, 100 Tests","HIV 1/2, OraQuick Advance HIV Rapid Antibody Kit",OraQuick,Test kit,100,60,21000.0,350.0,3.5,"Pacific Biotech, Thailand",True,144,3128.19,,41.16
118,1134,102-KE-T01,Pre-PQ Process,SCMS-42980,ASN-4343,Kenya,PMO - US,Direct Drop,EXW,Air,Pre-PQ Process,4/4/2009,10-Jul-09,10-Jul-09,10-Jul-09,HRDT,HIV test,"Orgenics, Ltd","HIV 1/2, Determine Complete HIV Kit, 100 Tests","HIV 1/2, Determine Complete HIV Kit",Determine,Test kit,100,7500,600000.0,80.0,0.8,Inverness Japan,True,2215,16835.31,,1176.0
119,1140,133-NG-T01,Pre-PQ Process,SCMS-43330,ASN-4437,Nigeria,PMO - US,Direct Drop,EXW,Air,Pre-PQ Process,4/9/2009,18-Aug-09,18-Aug-09,18-Aug-09,HRDT,HIV test,"Orgenics, Ltd","HIV 1/2, Determine Complete HIV Kit, 100 Tests","HIV 1/2, Determine Complete HIV Kit",Determine,Test kit,100,6395,511600.0,80.0,0.8,Inverness Japan,True,1915,24514.33,,1002.74
120,1156,107-RW-T01,Pre-PQ Process,SCMS-43890,ASN-4503,Rwanda,PMO - US,Direct Drop,CIP,Air,Pre-PQ Process,4/15/2009,25-Jul-09,25-Jul-09,25-Jul-09,ARV,Adult,HETERO LABS LIMITED,"Efavirenz 600mg, tablets, 30 Tabs",Efavirenz,Generic,Tablet,30,55356,386384.88,6.98,0.23,Hetero Unit III Hyderabad IN,True,4482,37404.74,600mg,757.31
121,1162,104-CI-T01,Pre-PQ Process,SCMS-44130,ASN-4791,Côte d'Ivoire,PMO - US,Direct Drop,EXW,Air,Pre-PQ Process,4/15/2009,15-Sep-09,15-Sep-09,15-Sep-09,HRDT,HIV test,BIO-RAD LABORATORIES (FRANCE),"#108853** HIV, Genie II HIV-1/HIV-2 Kit, 40 Tests","HIV, Genie II HIV-1/HIV-2 Kit",Genie,Test kit,40,1000,110000.0,110.0,2.75,Bio-Rad Laboratories,True,1101,8074.03,,215.6
122,1179,108-VN-T01,Pre-PQ Process,SCMS-44990,ASN-4302,Vietnam,PMO - US,Direct Drop,FCA,Air,Pre-PQ Process,4/29/2009,17-Jul-09,17-Jul-09,17-Jul-09,ARV,Adult,ABBVIE LOGISTICS (FORMERLY ABBOTT LOGISTICS BV),"Ritonavir 100mg [Norvir], capsules, cool, 4 x 84 Caps",Ritonavir,Norvir,Capsule,336,8,613.76,76.72,0.23,ABBVIE (Abbott) France,True,48,3366.04,100mg,1.2
123,1183,108-VN-T01,Pre-PQ Process,SCMS-45080,ASN-4420,Vietnam,PMO - US,Direct Drop,EXW,Air,Pre-PQ Process,4/29/2009,10-Jul-09,10-Jul-09,10-Jul-09,ARV,Adult,Aurobindo Pharma Limited,"Lamivudine/Nevirapine/Zidovudine 150/200/300mg, tablets, 60 Tabs",Lamivudine/Nevirapine/Zidovudine,Generic,Tablet - FDC,60,3500,39025.0,11.15,0.19,"Aurobindo Unit III, India",True,1804,6341.88,150/300/200mg,76.49
124,1196,102-BW-T01,Pre-PQ Process,SCMS-46071,ASN-4324,Botswana,PMO - US,Direct Drop,EXW,Air,Pre-PQ Process,5/27/2009,12-Jun-09,10-Jul-09,10-Jul-09,HRDT,HIV test,Orasure Technologies Inc.,"HIV 1/2, OraQuick Advance HIV Rapid Antibody Kit, 100 Tests","HIV 1/2, OraQuick Advance HIV Rapid Antibody Kit",OraQuick,Test kit,100,5,1750.0,350.0,3.5,"Pacific Biotech, Thailand",True,12,684.42,,3.43
125,1198,119-NA-T01,Pre-PQ Process,SCMS-46120,ASN-4659,Namibia,PMO - US,Direct Drop,EXW,Air,Pre-PQ Process,5/18/2009,1-Sep-09,1-Sep-09,1-Sep-09,HRDT,HIV test,"Orgenics, Ltd","HIV 1/2, Clearview Complete Kit, 25 Tests","HIV 1/2, Clearview Complete Kit",Clearview,Test kit,25,67,5025.0,75.0,3.0,Chembio Diagnostics Sys. Inc.,True,48,401.97,,9.85
126,1213,108-VN-T01,Pre-PQ Process,SCMS-46550,ASN-4488,Vietnam,PMO - US,Direct Drop,CIP,Air,Pre-PQ Process,5/27/2009,28-Jul-09,28-Jul-09,28-Jul-09,ARV,Pediatric,BRISTOL-MYERS SQUIBB,"Didanosine 25mg [Videx], chewable tablets, 60 Tabs",Didanosine,Videx,Chewable/dispersible tablet,60,400,2800.0,7.0,0.12,"BMS Meymac, France",True,148,14.36,25mg,5.49
127,1215,119-NA-T01,Pre-PQ Process,SCMS-46820,ASN-4311,Namibia,PMO - US,Direct Drop,EXW,Air,Pre-PQ Process,6/2/2009,29-Jun-09,29-Jun-09,29-Jun-09,HRDT,HIV test,"Trinity Biotech, Plc","HIV 1/2, Uni-Gold HIV Kit, 20 Tests","HIV 1/2, Uni-Gold HIV Kit",Uni-Gold,Test kit,20,220,7040.0,32.0,1.6,"Trinity Biotech, Plc",True,79,1736.18,,13.8
128,1221,116-ZA-T01,Pre-PQ Process,SCMS-46970,ASN-4821,South Africa,PMO - US,Direct Drop,DDP,Truck,Pre-PQ Process,6/5/2009,28-Jul-09,28-Jul-09,28-Jul-09,ARV,Adult,S. BUYS WHOLESALER,"Ritonavir 100mg [Norvir], capsules, cool, 84 Caps",Ritonavir,Norvir,Capsule,84,50,490.0,9.8,0.12,ABBVIE (Abbott) Logis. UK,True,Weight Captured Separately,Freight Included in Commodity Cost,100mg,0.96
129,1222,116-ZA-T01,Pre-PQ Process,SCMS-47051,ASN-4838,South Africa,PMO - US,Direct Drop,DDP,Truck,Pre-PQ Process,6/5/2009,12-Oct-09,5-Aug-09,5-Aug-09,ARV,Adult,S. BUYS WHOLESALER,"Lamivudine 150mg, tablets, 60 Tabs",Lamivudine,Generic,Tablet,60,5000,41300.0,8.26,0.14,"Aurobindo Unit III, India",True,Weight Captured Separately,Freight Included in Commodity Cost,150mg,80.95
130,1223,116-ZA-T01,Pre-PQ Process,SCMS-47051,ASN-4836,South Africa,PMO - US,Direct Drop,DDP,Truck,Pre-PQ Process,6/5/2009,12-Oct-09,28-Jul-09,28-Jul-09,ARV,Pediatric,S. BUYS WHOLESALER,"Lamivudine 10mg/ml [Epivir], oral solution, Bottle, 240 ml",Lamivudine,Epivir,Oral solution,240,460,2838.2,6.17,0.03,GSK Mississauga (Canada),True,Weight Captured Separately,Freight Included in Commodity Cost,10mg/ml,5.56
131,1245,100-CI-T01,Pre-PQ Process,SCMS-1,ASN-5,Côte d'Ivoire,PMO - US,Direct Drop,EXW,Air,Pre-PQ Process,4/19/2006,27-Jun-06,27-Jun-06,27-Jun-06,HRDT,HIV test,BIO-RAD LABORATORIES (FRANCE),"#108853** HIV, Genie II HIV-1/HIV-2 Kit, 40 Tests","HIV, Genie II HIV-1/HIV-2 Kit",Genie,Test kit,40,147,11076.45,75.35,1.88,Bio-Rad Laboratories,True,165,1816.57,,
132,1246,104-CI-T01,Pre-PQ Process,SCMS-5,ASN-7,Côte d'Ivoire,PMO - US,Direct Drop,EXW,Air,Pre-PQ Process,Date Not Captured,14-Jul-06,14-Jul-06,14-Jul-06,HRDT,HIV test,Orasure Technologies Inc.,"HIV 1/2, OraQuick Advance HIV Rapid Antibody Kit, 100 Tests","HIV 1/2, OraQuick Advance HIV Rapid Antibody Kit",OraQuick,Test kit,100,6,2400.0,400.0,4.0,"Pacific Biotech, Thailand",True,15,1039.5,,
133,1251,108-VN-T01,Pre-PQ Process,SCMS-12,ASN-91,Vietnam,PMO - US,Direct Drop,CIP,Air,Pre-PQ Process,Date Not Captured,16-Nov-06,16-Nov-06,16-Nov-06,ARV,Pediatric,BRISTOL-MYERS SQUIBB,"Didanosine 25mg [Videx], chewable tablets, 60 Tabs",Didanosine,Videx,Chewable/dispersible tablet,60,2800,19600.0,7.0,0.12,"BMS Meymac, France",True,555,3292.15,25mg,
134,1262,106-HT-T01,Pre-PQ Process,SCMS-74,ASN-46,Haiti,PMO - US,Direct Drop,EXW,Air,Pre-PQ Process,Date Not Captured,9-Nov-06,9-Nov-06,9-Nov-06,HRDT,HIV test,Orasure Technologies Inc.,"HIV 1/2, OraQuick Advance HIV Rapid Antibody Kit, 100 Tests","HIV 1/2, OraQuick Advance HIV Rapid Antibody Kit",OraQuick,Test kit,100,15,6000.0,400.0,4.0,"Pacific Biotech, Thailand",True,36,1195.29,,
135,1279,113-ZW-T01,Pre-PQ Process,SCMS-135,ASN-79,Zimbabwe,PMO - US,Direct Drop,CIP,Air,Pre-PQ Process,Date Not Captured,7-Nov-06,7-Nov-06,7-Nov-06,ARV,Adult,INTERNATIONAL HEALTHCARE DISTRIBUTORS,"Lopinavir/Ritonavir 133.3/33.3mg [Kaletra], capsules, cool, 2 x 90 Caps",Lopinavir/Ritonavir,Kaletra,Capsule,180,260,11096.8,42.68,0.24,ABBVIE (Abbott) St. P'burg USA,True,135,Freight Included in Commodity Cost,133.3/33.3mg,
136,1281,112-NG-T01,Pre-PQ Process,SCMS-156,ASN-93,Nigeria,PMO - US,Direct Drop,EXW,Air,Pre-PQ Process,Date Not Captured,7-Dec-06,7-Dec-06,7-Dec-06,ARV,Adult,Aurobindo Pharma Limited,"Lamivudine 150mg, tablets, 60 Tabs",Lamivudine,Generic,Tablet,60,894,2994.9,3.35,0.06,"Aurobindo Unit III, India",True,479,4861.14,150mg,
137,1282,108-VN-T01,Pre-PQ Process,SCMS-169,ASN-272,Vietnam,PMO - US,Direct Drop,EXW,Air,Pre-PQ Process,11/15/2006,14-Mar-07,14-Mar-07,14-Mar-07,ARV,Adult,CIPLA LIMITED,"Lamivudine/Zidovudine 150/300mg, tablets, 60 Tabs",Lamivudine/Zidovudine,Generic,Tablet - FDC,60,25100,276100.0,11.0,0.18,"Cipla, Goa, India",True,2575,18772.94,150/300mg,
138,1283,108-VN-T01,Pre-PQ Process,SCMS-170,ASN-273,Vietnam,PMO - US,Direct Drop,EXW,Air,Pre-PQ Process,11/15/2006,14-Mar-07,14-Mar-07,14-Mar-07,ARV,Adult,STRIDES ARCOLAB LIMITED,"Stavudine 30mg, capsules, 60 Caps",Stavudine,Generic,Capsule,60,95500,144205.0,1.51,0.03,"Strides, Bangalore, India.",True,9170,42453.21,30mg,
139,1285,102-GY-T01,Pre-PQ Process,SCMS-177,ASN-136,Guyana,PMO - US,Direct Drop,EXW,Air,Pre-PQ Process,Date Not Captured,29-Dec-06,29-Dec-06,29-Dec-06,HRDT,HIV test,"Trinity Biotech, Plc","HIV 1/2, Uni-Gold HIV Kit, 20 Tests","HIV 1/2, Uni-Gold HIV Kit",Uni-Gold,Test kit,20,900,36000.0,40.0,2.0,"Trinity Biotech, Plc",True,316,4989.87,,
140,1295,111-MZ-T01,Pre-PQ Process,SCMS-211,ASN-229,Mozambique,PMO - US,Direct Drop,CIP,Air,Pre-PQ Process,11/17/2006,15-Feb-07,15-Feb-07,15-Feb-07,ARV,Adult,ABBVIE LOGISTICS (FORMERLY ABBOTT LOGISTICS BV),"Lopinavir/Ritonavir 200/50mg [Aluvia], tablets, 120 Tabs",Lopinavir/Ritonavir,Aluvia,Tablet,120,80,3288.0,41.1,0.34,ABBSP,True,25,Freight Included in Commodity Cost,200/50mg,
141,1298,108-VN-T01,Pre-PQ Process,SCMS-262,ASN-386,Vietnam,PMO - US,Direct Drop,EXW,Air,Pre-PQ Process,1/9/2007,12-May-07,12-May-07,12-May-07,ARV,Adult,CIPLA LIMITED,"Lamivudine/Nevirapine/Stavudine 150/200/30mg, tablets, 60 Tabs",Lamivudine/Nevirapine/Stavudine,Generic,Tablet - FDC,60,70000,525000.0,7.5,0.12,"Cipla, Goa, India",True,6813,31858.09,150/200/30mg,
142,1299,107-RW-T01,Pre-PQ Process,SCMS-268,ASN-242,Rwanda,PMO - US,Direct Drop,EXW,Air,Pre-PQ Process,12/22/2006,27-Feb-07,27-Feb-07,27-Feb-07,ARV,Adult,CIPLA LIMITED,"Efavirenz 600mg, tablets, 30 Tabs",Efavirenz,Generic,Tablet,30,71577,1087970.4,15.2,0.51,"Cipla, Goa, India",False,See ASN-242 (ID#:64),See ASN-242 (ID#:64),600mg,
143,1300,107-RW-T01,Pre-PQ Process,SCMS-268,ASN-242,Rwanda,PMO - US,Direct Drop,EXW,Air,Pre-PQ Process,12/22/2006,27-Feb-07,27-Feb-07,27-Feb-07,ARV,Adult,CIPLA LIMITED,"Abacavir 300mg, tablets, 60 Tabs",Abacavir,Generic,Tablet,60,5605,202340.5,36.1,0.6,"Cipla, Patalganga, India",False,See ASN-242 (ID#:64),See ASN-242 (ID#:64),300mg,
144,1303,117-ET-T01,Pre-PQ Process,SCMS-284,ASN-168,Ethiopia,PMO - US,Direct Drop,FCA,Air,Pre-PQ Process,12/14/2006,28-Dec-06,28-Dec-06,28-Dec-06,HRDT,HIV test,Abbott GmbH & Co. KG,"HIV 1/2, Determine Complete HIV Kit, 100 Tests","HIV 1/2, Determine Complete HIV Kit",Determine,Test kit,100,200,16000.0,80.0,0.8,ABBVIE GmbH & Co.KG Wiesbaden,True,Weight Captured Separately,Invoiced Separately,,
145,1306,108-VN-T01,Pre-PQ Process,SCMS-314,ASN-624,Vietnam,PMO - US,Direct Drop,EXW,Air,Pre-PQ Process,2/7/2007,24-Aug-07,24-Aug-07,24-Aug-07,ARV,Adult,CIPLA LIMITED,"Lamivudine/Nevirapine/Stavudine 150/200/30mg, tablets, 60 Tabs",Lamivudine/Nevirapine/Stavudine,Generic,Tablet - FDC,60,25000,187500.0,7.5,0.12,"Cipla, Goa, India",True,2348,21439.59,150/200/30mg,300.0
146,1307,102-NG-T01,Pre-PQ Process,SCMS-343,ASN-259,Nigeria,PMO - US,Direct Drop,EXW,Air,Pre-PQ Process,Date Not Captured,15-Mar-07,30-Mar-07,30-Mar-07,HRDT,HIV test,BIO-RAD LABORATORIES (FRANCE),"#108853** HIV, Genie II HIV-1/HIV-2 Kit, 40 Tests","HIV, Genie II HIV-1/HIV-2 Kit",Genie,Test kit,40,375,28500.0,76.0,1.9,Bio-Rad Laboratories,True,402,4445.75,,
147,1309,117-ET-T01,Pre-PQ Process,SCMS-360,ASN-201,Ethiopia,PMO - US,Direct Drop,EXW,Air,Pre-PQ Process,12/14/2006,15-Jan-07,15-Jan-07,15-Jan-07,HRDT,HIV test,Abbott GmbH & Co. KG,"HIV 1/2, Determine Complete HIV Kit, 100 Tests","HIV 1/2, Determine Complete HIV Kit",Determine,Test kit,100,4650,372000.0,80.0,0.8,ABBVIE GmbH & Co.KG Wiesbaden,True,1707,24859.45,,
148,1337,104-CI-T01,Pre-PQ Process,SCMS-610,ASN-813,Côte d'Ivoire,PMO - US,Direct Drop,CIP,Air,Pre-PQ Process,5/9/2007,23-Oct-07,23-Oct-07,23-Oct-07,ARV,Pediatric,BRISTOL-MYERS SQUIBB,"Didanosine 50mg [Videx], chewable tablets, 60 Tabs",Didanosine,Videx,Chewable/dispersible tablet,60,1577,14981.5,9.5,0.16,"BMS Meymac, France",True,306,Freight Included in Commodity Cost,50mg,23.97
149,1347,102-NG-T01,Pre-PQ Process,SCMS-695,ASN-622,Nigeria,PMO - US,Direct Drop,EXW,Air,Pre-PQ Process,Date Not Captured,7-Sep-07,7-Sep-07,7-Sep-07,HRDT,HIV test,Abbott GmbH & Co. KG,"HIV 1/2, Determine Complete HIV Kit, 100 Tests","HIV 1/2, Determine Complete HIV Kit",Determine,Test kit,100,3500,280000.0,80.0,0.8,ABBVIE GmbH & Co.KG Wiesbaden,True,1194,5858.57,,448.0
150,1350,104-CI-T01,Pre-PQ Process,SCMS-698,ASN-727,Côte d'Ivoire,PMO - US,Direct Drop,CIP,Air,Pre-PQ Process,7/13/2007,2-Oct-07,2-Oct-07,2-Oct-07,ARV,Pediatric,BRISTOL-MYERS SQUIBB,"Didanosine 50mg [Videx], chewable tablets, 60 Tabs",Didanosine,Videx,Chewable/dispersible tablet,60,4270,40565.0,9.5,0.16,"BMS Meymac, France",False,Weight Captured Separately,Freight Included in Commodity Cost,50mg,64.9
151,1356,108-VN-T01,Pre-PQ Process,SCMS-749,ASN-744,Vietnam,PMO - US,Direct Drop,EXW,Air,Pre-PQ Process,7/3/2007,2-Oct-07,2-Oct-07,2-Oct-07,ARV,Pediatric,Aurobindo Pharma Limited,"Nevirapine 10mg/ml, oral suspension, Bottle, 240 ml",Nevirapine,Generic,Oral suspension,240,1000,1920.0,1.92,0.01,"Aurobindo Unit III, India",True,960,13762.41,10mg/ml,3.07
152,1357,108-VN-T01,Pre-PQ Process,SCMS-749,ASN-744,Vietnam,PMO - US,Direct Drop,EXW,Air,Pre-PQ Process,7/3/2007,2-Oct-07,2-Oct-07,2-Oct-07,ARV,Pediatric,Aurobindo Pharma Limited,"Zidovudine 10mg/ml, oral solution, Bottle, 240 ml",Zidovudine,Generic,Oral solution,240,1000,2100.0,2.1,0.01,"Aurobindo Unit III, India",False,See ASN-744 (ID#:1356),See ASN-744 (ID#:1356),10mg/ml,3.36
153,1358,108-VN-T01,Pre-PQ Process,SCMS-753,ASN-781,Vietnam,PMO - US,Direct Drop,EXW,Air,Pre-PQ Process,7/4/2007,15-Oct-07,15-Oct-07,15-Oct-07,ARV,Pediatric,Aurobindo Pharma Limited,"Zidovudine 10mg/ml, oral solution, Bottle, 240 ml",Zidovudine,Generic,Oral solution,240,1000,2100.0,2.1,0.01,"Aurobindo Unit III, India",False,See ASN-781 (ID#:115),See ASN-781 (ID#:115),10mg/ml,3.36
154,1359,108-VN-T01,Pre-PQ Process,SCMS-753,ASN-782,Vietnam,PMO - US,Direct Drop,EXW,Air,Pre-PQ Process,7/4/2007,15-Oct-07,15-Oct-07,15-Oct-07,ARV,Adult,Aurobindo Pharma Limited,"Lamivudine/Nevirapine/Zidovudine 150/200/300mg, tablets, 60 Tabs",Lamivudine/Nevirapine/Zidovudine,Generic,Tablet - FDC,60,3000,40500.0,13.5,0.22,"Aurobindo Unit III, India",True,332,4454.62,150/300/200mg,64.8
155,1360,108-VN-T01,Pre-PQ Process,SCMS-754,ASN-926,Vietnam,PMO - US,Direct Drop,EXW,Air,Pre-PQ Process,7/4/2007,23-Nov-07,23-Nov-07,23-Nov-07,ARV,Adult,Aurobindo Pharma Limited,"Efavirenz 600mg, tablets, 30 Tabs",Efavirenz,Generic,Tablet,30,22500,277425.0,12.33,0.41,"Aurobindo Unit III, India",True,1955,16095.39,600mg,443.88
156,1361,108-VN-T01,Pre-PQ Process,SCMS-757,ASN-631,Vietnam,PMO - US,Direct Drop,FCA,Air,Pre-PQ Process,7/3/2007,27-Aug-07,27-Aug-07,27-Aug-07,ARV,Adult,ABBVIE LOGISTICS (FORMERLY ABBOTT LOGISTICS BV),"Lopinavir/Ritonavir 200/50mg [Aluvia], tablets, 120 Tabs",Lopinavir/Ritonavir,Aluvia,Tablet,120,500,41095.0,82.19,0.68,ABBVIE Ludwigshafen Germany,True,117,1767.38,200/50mg,65.75
157,1383,109-TZ-T01,Pre-PQ Process,SCMS-10240,ASN-649,Tanzania,PMO - US,Direct Drop,EXW,Air,Pre-PQ Process,Date Not Captured,19-Sep-07,19-Sep-07,19-Sep-07,HRDT,HIV test,"Standard Diagnostics, Inc.","HIV 1/2, Bioline 3.0 Kit, Lancets, Capillary pipets, Alcohol swabs included, 25 Tests","HIV 1/2, Bioline 3.0 Kit, Lancets, Capillary pipets, Alcohol swabs included",Bioline,Test kit,25,10000,200000.0,20.0,0.8,"Standard Diagnostics, Korea",True,3336,25165.3,,320.0
158,1502,107-RW-T01,Pre-PQ Process,SCMS-13900,ASN-990,Rwanda,PMO - US,Direct Drop,EXW,Air,Pre-PQ Process,11/12/2007,28-Jan-08,28-Jan-08,28-Jan-08,ARV,Adult,ASPEN PHARMACARE,"Tenofovir Disoproxil Fumarate 300mg [Viread], tablets, 30 Tabs",Tenofovir Disoproxil Fumarate,Viread,Tablet,30,1609,27353.0,17.0,0.57,"Aspen-OSD, Port Elizabeth, SA",True,157,7922.24,300mg,43.76
159,1512,116-ZA-T01,Pre-PQ Process,SCMS-14050,ASN-1251,South Africa,PMO - US,Direct Drop,DDP,,Pre-PQ Process,11/12/2007,29-Jan-08,29-Jan-08,29-Jan-08,ARV,Pediatric,"JSI R&T INSTITUTE, INC.","Lopinavir/Ritonavir 80/20mg/ml [Kaletra], oral solution, cool, Bottle 5 x 60 ml",Lopinavir/Ritonavir,Kaletra,Oral solution,300,30,1447.8,48.26,0.16,ABBVIE (Abbott) Logis. UK,False,Weight Captured Separately,Freight Included in Commodity Cost,80/20mg/ml,2.32
160,1513,116-ZA-T01,Pre-PQ Process,SCMS-14050,ASN-1251,South Africa,PMO - US,Direct Drop,DDP,,Pre-PQ Process,11/12/2007,29-Jan-08,29-Jan-08,29-Jan-08,ARV,Adult,"JSI R&T INSTITUTE, INC.","Didanosine EC 400mg [Videx EC], delayed-release capsules, Blister 3 x 10 Caps",Didanosine EC,Videx EC,Delayed-release capsules - blister,30,100,2850.0,28.5,0.95,"BMS Meymac, France",False,Weight Captured Separately,Freight Included in Commodity Cost,400mg,4.56
161,1519,108-VN-T01,Pre-PQ Process,SCMS-14170,ASN-1439,Vietnam,PMO - US,Direct Drop,FCA,Air,Pre-PQ Process,11/21/2007,28-Mar-08,28-Mar-08,28-Mar-08,ARV,Adult,ABBVIE LOGISTICS (FORMERLY ABBOTT LOGISTICS BV),"Ritonavir 100mg [Norvir], capsules, cool, 4 x 84 Caps",Ritonavir,Norvir,Capsule,336,100,18333.0,183.33,0.55,ABBVIE (Abbott) Logis. UK,True,337,2535.4,100mg,29.33
162,1527,102-NG-T01,Pre-PQ Process,SCMS-14640,ASN-1167,Nigeria,PMO - US,Direct Drop,EXW,Air,Pre-PQ Process,11/30/2007,21-Jan-08,21-Jan-08,21-Jan-08,HRDT,HIV test,"CHEMBIO DIAGNOSTIC SYSTEMS, INC.","HIV 1/2, Stat-Pak HIV, Kit, 20 Tests","HIV 1/2, Stat-Pak HIV, Kit",Stat-Pak,Test kit,20,10000,270000.0,27.0,1.35,Chembio Diagnostics Sys. Inc.,True,3336,28002.75,,432.0
163,1529,107-RW-T01,Pre-PQ Process,SCMS-14750,ASN-1194,Rwanda,PMO - US,Direct Drop,CIP,Air,Pre-PQ Process,12/3/2007,28-Jan-08,28-Jan-08,28-Jan-08,ARV,Adult,MYLAN LABORATORIES LTD (FORMERLY MATRIX LABORATORIES),"Abacavir 300mg, tablets, 60 Tabs",Abacavir,Generic,Tablet,60,1099,30222.5,27.5,0.46,Mylan (formerly Matrix) Nashik,True,113,1511.25,300mg,48.36
164,1530,108-VN-T01,Pre-PQ Process,SCMS-14760,ASN-1230,Vietnam,PMO - US,Direct Drop,EXW,Air,Pre-PQ Process,12/5/2007,1-Feb-08,1-Feb-08,1-Feb-08,ARV,Adult,Aurobindo Pharma Limited,"Stavudine 20mg, capsules, 60 Caps",Stavudine,Generic,Capsule,60,1200,2100.0,1.75,0.03,"Aurobindo Unit III, India",True,125,2429.85,20mg,3.36
165,1531,100-KZ-T01,Pre-PQ Process,SCMS-14770,ASN-1061,Kazakhstan,PMO - US,Direct Drop,DDP,Air,Pre-PQ Process,11/30/2007,27-Dec-07,27-Dec-07,27-Dec-07,HRDT,HIV test,Orasure Technologies Inc.,"HIV 1/2, OraQuick Advance HIV Rapid Antibody Kit, 100 Tests","HIV 1/2, OraQuick Advance HIV Rapid Antibody Kit",OraQuick,Test kit,100,50,17500.0,350.0,3.5,"Pacific Biotech, Thailand",True,Weight Captured Separately,Freight Included in Commodity Cost,,28.0
166,1549,123-NG-T01,Pre-PQ Process,SCMS-15550,ASN-1197,Nigeria,PMO - US,Direct Drop,EXW,Air,Pre-PQ Process,Date Not Captured,5-Feb-08,5-Feb-08,5-Feb-08,HRDT,HIV test,"Orgenics, Ltd","HIV 1/2, Determine HIV Kit, without Lancets, 100 Tests","HIV 1/2, Determine HIV Kit, without Lancets",Determine,Test kit,100,650,51993.5,79.99,0.8,Inverness Japan,True,148,2577.27,,83.19
167,1587,116-ZA-T01,Pre-PQ Process,SCMS-16600,ASN-1520,South Africa,PMO - US,Direct Drop,DDP,,Pre-PQ Process,1/4/2008,21-Jan-08,4-Jan-08,4-Jan-08,ARV,Adult,"JSI R&T INSTITUTE, INC.","Stavudine 20mg [Zerit], capsules, 60 Caps",Stavudine,Zerit,Capsule,60,100,573.0,5.73,0.1,"BMS Meymac, France",False,Weight Captured Separately,Freight Included in Commodity Cost,20mg,0.92
168,1593,102-BW-T01,Pre-PQ Process,SCMS-16730,ASN-1721,Botswana,PMO - US,Direct Drop,EXW,Air,Pre-PQ Process,2/4/2008,3-Jul-08,3-Jul-08,3-Jul-08,HRDT,HIV test,"Trinity Biotech, Plc","HIV 1/2, Uni-Gold HIV Kit, 20 Tests","HIV 1/2, Uni-Gold HIV Kit",Uni-Gold,Test kit,20,450,14400.0,32.0,1.6,"Trinity Biotech, Plc",True,154,2496.62,,23.04
169,1594,102-NG-T01,Pre-PQ Process,SCMS-16890,ASN-2014,Nigeria,PMO - US,Direct Drop,EXW,Air,Pre-PQ Process,1/29/2008,19-Sep-08,16-Jul-08,16-Jul-08,HRDT,HIV test,"CHEMBIO DIAGNOSTIC SYSTEMS, INC.","HIV 1/2, Stat-Pak HIV, Kit, 20 Tests","HIV 1/2, Stat-Pak HIV, Kit",Stat-Pak,Test kit,20,10270,277290.0,27.0,1.35,Chembio Diagnostics Sys. Inc.,True,2907,18864.37,,443.66
170,1618,111-MZ-T01,Pre-PQ Process,SCMS-17800,ASN-1368,Mozambique,PMO - US,Direct Drop,EXW,Air,Pre-PQ Process,2/19/2008,27-Mar-08,27-Mar-08,27-Mar-08,HRDT,HIV test,"Trinity Biotech, Plc","HIV 1/2, Uni-Gold HIV Kit, 20 Tests","HIV 1/2, Uni-Gold HIV Kit",Uni-Gold,Test kit,20,9000,288000.0,32.0,1.6,"Trinity Biotech, Plc",True,9000,55746.59,,460.8
171,1628,110-ZM-T01,Pre-PQ Process,SCMS-18030,ASN-1619,Zambia,PMO - US,Direct Drop,EXW,Air,Pre-PQ Process,2/25/2008,14-May-08,14-May-08,14-May-08,HRDT,HIV test,"Trinity Biotech, Plc","HIV 1/2, Uni-Gold HIV Kit, 20 Tests","HIV 1/2, Uni-Gold HIV Kit",Uni-Gold,Test kit,20,6040,193280.0,32.0,1.6,"Trinity Biotech, Plc",True,2052,24689,,309.25
172,1634,110-ZM-T01,Pre-PQ Process,SCMS-18240,ASN-1789,Zambia,PMO - US,Direct Drop,EXW,Air,Pre-PQ Process,2/29/2008,6-Jun-08,30-May-08,30-May-08,HRDT,HIV test - Ancillary,"Orgenics, Ltd","HIV, Lancet, Safety, for HIV Test kits, 100 Pcs","HIV, Lancet, Safety, for HIV Test kits, 100 Pcs",Generic,Test kit - Ancillary,100,4300,43.0,0.01,0.0,Inverness Japan,True,284,Freight Included in Commodity Cost,,0.07
173,1637,104-CI-T01,Pre-PQ Process,SCMS-18320,ASN-3465,Côte d'Ivoire,PMO - US,Direct Drop,EXW,Air,Pre-PQ Process,2/27/2008,4-Mar-09,4-Mar-09,4-Mar-09,HRDT,HIV test,"CHEMBIO DIAGNOSTIC SYSTEMS, INC.","HIV 1/2, Stat-Pak HIV, Kit, 20 Tests","HIV 1/2, Stat-Pak HIV, Kit",Stat-Pak,Test kit,20,289,7803.0,27.0,1.35,Chembio Diagnostics Sys. Inc.,True,79,1104.69,,15.29
174,1638,111-MZ-T01,Pre-PQ Process,SCMS-18340,ASN-1746,Mozambique,PMO - US,Direct Drop,EXW,Air,Pre-PQ Process,2/27/2008,9-Jul-08,4-Jul-08,4-Jul-08,HRDT,HIV test,"Orgenics, Ltd","HIV 1/2, Determine HIV Kit, without Lancets, 100 Tests","HIV 1/2, Determine HIV Kit, without Lancets",Determine,Test kit,100,3000,215970.0,71.99,0.72,Inverness Japan,True,682,5298.9,,345.55
175,1643,104-CI-T01,Pre-PQ Process,SCMS-18420,ASN-1469,Côte d'Ivoire,PMO - US,Direct Drop,EXW,Air,Pre-PQ Process,2/28/2008,8-Apr-08,4-Apr-08,4-Apr-08,HRDT,HIV test - Ancillary,"Orgenics, Ltd","HIV, Lancet, Safety, for HIV Test kits, 100 Pcs","HIV, Lancet, Safety, for HIV Test kits, 100 Pcs",Generic,Test kit - Ancillary,100,70,0.7,0.01,0.0,Inverness Japan,True,Weight Captured Separately,Invoiced Separately,,0.0
176,1644,104-CI-T01,Pre-PQ Process,SCMS-18450,ASN-1934,Côte d'Ivoire,PMO - US,Direct Drop,EXW,Air,Pre-PQ Process,2/28/2008,22-Jul-08,22-Jul-08,22-Jul-08,HRDT,HIV test,"Orgenics, Ltd","HIV 1/2, Determine HIV Kit, without Lancets, 100 Tests","HIV 1/2, Determine HIV Kit, without Lancets",Determine,Test kit,100,1116,78120.0,70.0,0.7,Inverness Japan,True,255,5175.72,,124.99
177,1645,104-CI-T01,Pre-PQ Process,SCMS-18470,ASN-2887,Côte d'Ivoire,PMO - US,Direct Drop,EXW,Air,Pre-PQ Process,2/29/2008,19-Dec-08,19-Dec-08,19-Dec-08,HRDT,HIV test,"Orgenics, Ltd","HIV 1/2, Determine HIV Kit, without Lancets, 100 Tests","HIV 1/2, Determine HIV Kit, without Lancets",Determine,Test kit,100,1116,78120.0,70.0,0.7,Inverness Japan,True,256,7118.12,,153.12
178,1646,102-GY-T01,Pre-PQ Process,SCMS-18490,ASN-1612,Guyana,PMO - US,Direct Drop,EXW,Air,Pre-PQ Process,2/28/2008,6-May-08,6-May-08,6-May-08,HRDT,HIV test,"Trinity Biotech, Plc","HIV 1/2, Uni-Gold HIV Kit, 20 Tests","HIV 1/2, Uni-Gold HIV Kit",Uni-Gold,Test kit,20,832,26624.0,32.0,1.6,"Trinity Biotech, Plc",True,832,3740.04,,42.6
179,1647,102-GY-T01,Pre-PQ Process,SCMS-18500,ASN-2100,Guyana,PMO - US,Direct Drop,EXW,Air,Pre-PQ Process,2/28/2008,28-Jul-08,28-Jul-08,28-Jul-08,HRDT,HIV test,"Orgenics, Ltd","HIV 1/2, Determine HIV Kit, without Lancets, 100 Tests","HIV 1/2, Determine HIV Kit, without Lancets",Determine,Test kit,100,213,15333.87,71.99,0.72,Inverness Japan,True,49,959.46,,24.53
180,1648,102-BW-T01,Pre-PQ Process,SCMS-18550,ASN-1448,Botswana,PMO - US,Direct Drop,EXW,Air,Pre-PQ Process,Date Not Captured,11-Apr-08,11-Apr-08,11-Apr-08,HRDT,HIV test,Orasure Technologies Inc.,"HIV 1/2, OraQuick Advance HIV Rapid Antibody Kit, 100 Tests","HIV 1/2, OraQuick Advance HIV Rapid Antibody Kit",OraQuick,Test kit,100,10,3500.0,350.0,3.5,"Pacific Biotech, Thailand",True,39,604,,5.6
181,1861,107-RW-T01,Pre-PQ Process,SCMS-25090,ASN-2256,Rwanda,PMO - US,Direct Drop,EXW,Air,Pre-PQ Process,6/12/2008,16-Aug-08,16-Aug-08,16-Aug-08,HRDT,HIV test,"Trinity Biotech, Plc","HIV 1/2, Capillus HIV Kit, 100 Tests","HIV 1/2, Capillus HIV Kit",Capillus,Test kit,100,340,47260.0,139.0,1.39,"Trinity Biotech, Plc",True,234,5446.06,,75.62
182,1660,113-ZW-T01,Pre-PQ Process,SCMS-18870,ASN-2435,Zimbabwe,PMO - US,Direct Drop,EXW,Air,Pre-PQ Process,3/17/2008,17-Nov-08,21-Oct-08,21-Oct-08,HRDT,HIV test - Ancillary,"Orgenics, Ltd","HIV, Lancet, Safety, for HIV Test kits, 100 Pcs","HIV, Lancet, Safety, for HIV Test kits, 100 Pcs",Generic,Test kit - Ancillary,100,1634,16.34,0.01,0.0,Inverness Japan,True,Weight Captured Separately,Invoiced Separately,,0.03
183,1673,116-ZA-T01,Pre-PQ Process,SCMS-19800,ASN-1665,South Africa,PMO - US,Direct Drop,DDP,Truck,Pre-PQ Process,2/20/2008,24-Apr-08,24-Apr-08,24-Apr-08,ARV,Adult,S. BUYS WHOLESALER,"Lopinavir/Ritonavir 133.3/33.3mg [Kaletra], capsules, cool, 2 x 90 Caps",Lopinavir/Ritonavir,Kaletra,Capsule,180,400,15760.0,39.4,0.22,ABBVIE (Abbott) Logis. UK,False,Weight Captured Separately,Freight Included in Commodity Cost,133.3/33.3mg,25.22
184,1674,116-ZA-T01,Pre-PQ Process,SCMS-19800,ASN-1665,South Africa,PMO - US,Direct Drop,DDP,Truck,Pre-PQ Process,2/20/2008,24-Apr-08,24-Apr-08,24-Apr-08,ARV,Pediatric,S. BUYS WHOLESALER,"Ritonavir 80mg/ml [Norvir], oral solution, cool, Bottle, 90 ml",Ritonavir,Norvir,Oral solution,90,6,47.28,7.88,0.09,ABBVIE (Abbott) France,False,Weight Captured Separately,Freight Included in Commodity Cost,80mg/ml,0.08
185,1675,116-ZA-T01,Pre-PQ Process,SCMS-19800,ASN-1665,South Africa,PMO - US,Direct Drop,DDP,Truck,Pre-PQ Process,2/20/2008,24-Apr-08,24-Apr-08,24-Apr-08,ARV,Adult,S. BUYS WHOLESALER,"Tenofovir Disoproxil Fumarate 300mg [Viread], tablets, 30 Tabs",Tenofovir Disoproxil Fumarate,Viread,Tablet,30,500,10925.0,21.85,0.73,"Aspen-OSD, Port Elizabeth, SA",False,Weight Captured Separately,Freight Included in Commodity Cost,300mg,17.48
186,1691,108-VN-T01,Pre-PQ Process,SCMS-20180,ASN-1860,Vietnam,PMO - US,Direct Drop,EXW,Air,Pre-PQ Process,3/31/2008,7-Jul-08,20-Jun-08,20-Jun-08,ARV,Adult,Aurobindo Pharma Limited,"Lamivudine 150mg, tablets, 60 Tabs",Lamivudine,Generic,Tablet,60,10080,29232.0,2.9,0.05,"Aurobindo Unit III, India",True,507,4159.45,150mg,46.77
187,1693,108-VN-T01,Pre-PQ Process,SCMS-20340,ASN-1754,Vietnam,PMO - US,Direct Drop,EXW,Air,Pre-PQ Process,3/31/2008,1-Jun-08,1-Jun-08,1-Jun-08,ARV,Adult,MYLAN LABORATORIES LTD (FORMERLY MATRIX LABORATORIES),"Efavirenz 600mg, tablets, 30 Tabs",Efavirenz,Generic,Tablet,30,6720,77145.6,11.48,0.38,Mylan (formerly Matrix) Nashik,True,522,3796.05,600mg,123.43
188,1719,104-CI-T01,Pre-PQ Process,SCMS-21270,ASN-1668,Côte d'Ivoire,PMO - US,Direct Drop,EXW,Air,Pre-PQ Process,4/7/2008,9-May-08,9-May-08,9-May-08,HRDT,HIV test - Ancillary,"Orgenics, Ltd","HIV, Lancet, Safety, for HIV Test kits, 100 Pcs","HIV, Lancet, Safety, for HIV Test kits, 100 Pcs",Generic,Test kit - Ancillary,100,250,2.5,0.01,0.0,Inverness Japan,True,17,Freight Included in Commodity Cost,,0.0
189,1722,116-ZA-T01,Pre-PQ Process,SCMS-21460,ASN-1667,South Africa,PMO - US,Direct Drop,DDP,,Pre-PQ Process,4/4/2008,25-Apr-08,7-Apr-08,7-Apr-08,ARV,Adult,S. BUYS WHOLESALER,"Efavirenz 600mg, tablets, 30 Tabs",Efavirenz,Generic,Tablet,30,300,4614.0,15.38,0.51,"Cipla, Goa, India",False,Weight Captured Separately,Freight Included in Commodity Cost,600mg,7.38
190,1723,116-ZA-T01,Pre-PQ Process,SCMS-21460,ASN-2291,South Africa,PMO - US,Direct Drop,DDP,,Pre-PQ Process,4/4/2008,25-Apr-08,25-Apr-08,25-Apr-08,ARV,Adult,S. BUYS WHOLESALER,"Zidovudine 300mg [Retrovir], tablets, 60 Tabs",Zidovudine,Retrovir,Tablet,60,300,4155.0,13.85,0.23,GSK Aranda,True,Weight Captured Separately,Freight Included in Commodity Cost,300mg,6.65
191,1724,116-ZA-T01,Pre-PQ Process,SCMS-21460,ASN-1667,South Africa,PMO - US,Direct Drop,DDP,,Pre-PQ Process,4/4/2008,25-Apr-08,7-Apr-08,7-Apr-08,ARV,Adult,S. BUYS WHOLESALER,"Didanosine EC 250mg [Videx EC], delayed-release capsules, Blister 3 x 10 Caps",Didanosine EC,Videx EC,Delayed-release capsules - blister,30,100,1849.0,18.49,0.62,"BMS Meymac, France",False,Weight Captured Separately,Freight Included in Commodity Cost,250mg,2.96
192,1730,102-NG-T01,Pre-PQ Process,SCMS-21580,ASN-1797,Nigeria,PMO - US,Direct Drop,EXW,Air,Pre-PQ Process,Date Not Captured,28-May-08,28-May-08,28-May-08,HRDT,HIV test - Ancillary,"Orgenics, Ltd","HIV, Lancet, Safety, for HIV Test kits, 100 Pcs","HIV, Lancet, Safety, for HIV Test kits, 100 Pcs",Generic,Test kit - Ancillary,100,1130,11.3,0.01,0.0,Inverness Japan,True,Weight Captured Separately,Invoiced Separately,,0.02
193,1797,108-VN-T01,Pre-PQ Process,SCMS-23370,ASN-2523,Vietnam,PMO - US,Direct Drop,CIP,Air,Pre-PQ Process,5/13/2008,3-Oct-08,3-Oct-08,3-Oct-08,ARV,Pediatric,BRISTOL-MYERS SQUIBB,"Didanosine 25mg [Videx], chewable tablets, 60 Tabs",Didanosine,Videx,Chewable/dispersible tablet,60,400,2800.0,7.0,0.12,"BMS Meymac, France",True,81,3013.09,25mg,4.48
194,1798,108-VN-T01,Pre-PQ Process,SCMS-23470,ASN-2244,Vietnam,PMO - US,Direct Drop,EXW,Air,Pre-PQ Process,5/13/2008,19-Aug-08,19-Aug-08,19-Aug-08,ARV,Adult,STRIDES ARCOLAB LIMITED,"Stavudine 30mg, capsules, 60 Caps",Stavudine,Generic,Capsule,60,10780,15631.0,1.45,0.02,"Strides, Bangalore, India.",True,502,7575.6,30mg,25.01
195,1801,116-ZA-T01,Pre-PQ Process,SCMS-23500,ASN-2293,South Africa,PMO - US,Direct Drop,DDP,Truck,Pre-PQ Process,Date Not Captured,20-Aug-08,8-May-08,8-May-08,ARV,Adult,S. BUYS WHOLESALER,"Lopinavir/Ritonavir 133.3/33.3mg [Kaletra], capsules, cool, 2 x 90 Caps",Lopinavir/Ritonavir,Kaletra,Capsule,180,670,24783.3,36.99,0.21,ABBVIE (Abbott) Logis. UK,False,Weight Captured Separately,Freight Included in Commodity Cost,133.3/33.3mg,39.65
196,1802,116-ZA-T01,Pre-PQ Process,SCMS-23500,ASN-2296,South Africa,PMO - US,Direct Drop,DDP,Truck,Pre-PQ Process,Date Not Captured,20-Aug-08,21-May-08,21-May-08,ARV,Adult,S. BUYS WHOLESALER,"Lamivudine 150mg [Epivir], tablets, 60 Tabs",Lamivudine,Epivir,Tablet,60,2000,11060.0,5.53,0.09,GSK Cape Town Factory (South Africa),True,Weight Captured Separately,Freight Included in Commodity Cost,150mg,17.7
197,1803,116-ZA-T01,Pre-PQ Process,SCMS-23500,ASN-2300,South Africa,PMO - US,Direct Drop,DDP,Truck,Pre-PQ Process,Date Not Captured,20-Aug-08,14-May-08,14-May-08,ARV,Adult,S. BUYS WHOLESALER,"Zidovudine 300mg [Retrovir], tablets, 60 Tabs",Zidovudine,Retrovir,Tablet,60,1000,16630.0,16.63,0.28,GSK Aranda,True,Weight Captured Separately,Freight Included in Commodity Cost,300mg,26.61
198,1804,116-ZA-T01,Pre-PQ Process,SCMS-23500,ASN-2293,South Africa,PMO - US,Direct Drop,DDP,Truck,Pre-PQ Process,Date Not Captured,20-Aug-08,8-May-08,8-May-08,ARV,Pediatric,S. BUYS WHOLESALER,"Nevirapine 10mg/ml [Viramune], oral suspension, Bottle, 240 ml",Nevirapine,Viramune,Oral suspension,240,30,435.9,14.53,0.06,"BI, Ingelheim, Germany",False,Weight Captured Separately,Freight Included in Commodity Cost,10mg/ml,0.7
199,1820,106-HT-T01,Pre-PQ Process,SCMS-23980,ASN-2640,Haiti,PMO - US,Direct Drop,EXW,Air,Pre-PQ Process,5/23/2008,27-Oct-08,27-Oct-08,27-Oct-08,HRDT,HIV test,"Orgenics, Ltd","HIV 1/2, Determine HIV Kit, without Lancets, 100 Tests","HIV 1/2, Determine HIV Kit, without Lancets",Determine,Test kit,100,1123,78610.0,70.0,0.7,Inverness Japan,True,257,2851.72,,154.08
200,1888,107-RW-T01,Pre-PQ Process,SCMS-25520,ASN-2079,Rwanda,PMO - US,Direct Drop,CIP,Air,Pre-PQ Process,6/13/2008,23-Jul-08,22-Jul-08,22-Jul-08,ARV,Adult,Aurobindo Pharma Limited,"Lamivudine/Nevirapine/Zidovudine 150/200/300mg, tablets, 60 Tabs",Lamivudine/Nevirapine/Zidovudine,Generic,Tablet - FDC,60,47879,569281.31,11.89,0.2,"Aurobindo Unit III, India",True,5311,30408.04,150/300/200mg,910.85
201,1889,107-RW-T01,Pre-PQ Process,SCMS-25520,ASN-2080,Rwanda,PMO - US,Direct Drop,CIP,Air,Pre-PQ Process,6/13/2008,23-Jul-08,23-Jul-08,23-Jul-08,ARV,Adult,Aurobindo Pharma Limited,"Lamivudine/Nevirapine/Zidovudine 150/200/300mg, tablets, 60 Tabs",Lamivudine/Nevirapine/Zidovudine,Generic,Tablet - FDC,60,61021,725539.69,11.89,0.2,"Aurobindo Unit III, India",True,6768,38120.96,150/300/200mg,1160.86
202,1905,108-VN-T01,Pre-PQ Process,SCMS-26180,ASN-2274,Vietnam,PMO - US,Direct Drop,EXW,Air,Pre-PQ Process,7/1/2008,19-Sep-08,19-Sep-08,19-Sep-08,ARV,Adult,Aurobindo Pharma Limited,"Lamivudine/Zidovudine 150/300mg, tablets, 60 Tabs",Lamivudine/Zidovudine,Generic,Tablet - FDC,60,4300,37023.0,8.61,0.14,"Aurobindo Unit III, India",False,See ASN-2274 (ID#:610),See ASN-2274 (ID#:610),150/300mg,59.24
203,1919,108-VN-T01,Pre-PQ Process,SCMS-26190,ASN-2562,Vietnam,PMO - US,Direct Drop,EXW,Air,Pre-PQ Process,7/3/2008,3-Oct-08,3-Oct-08,3-Oct-08,ARV,Adult,Aurobindo Pharma Limited,"Stavudine 30mg, capsules, 60 Caps",Stavudine,Generic,Capsule,60,18030,26143.5,1.45,0.02,"Aurobindo Unit III, India",True,1114,5822.44,30mg,41.83
204,1926,116-ZA-T01,Pre-PQ Process,SCMS-26820,ASN-2487,South Africa,PMO - US,Direct Drop,DDP,Truck,Pre-PQ Process,Date Not Captured,10-Jul-08,14-Jul-08,14-Jul-08,ARV,Adult,S. BUYS WHOLESALER,"Zidovudine 300mg [Retrovir], tablets, 60 Tabs",Zidovudine,Retrovir,Tablet,60,50,663.5,13.27,0.22,GSK Aranda,True,Weight Captured Separately,Freight Included in Commodity Cost,300mg,1.06
205,1927,116-ZA-T01,Pre-PQ Process,SCMS-26820,ASN-2488,South Africa,PMO - US,Direct Drop,DDP,Truck,Pre-PQ Process,Date Not Captured,10-Jul-08,8-Jul-08,8-Jul-08,ARV,Pediatric,S. BUYS WHOLESALER,"Efavirenz 50mg [Stocrin/Sustiva], capsule, 30 Caps",Efavirenz,Stocrin/Sustiva,Capsule,30,250,715.0,2.86,0.1,"MSD Midrand, J'burg, SA",False,Weight Captured Separately,Freight Included in Commodity Cost,50mg,1.14
206,1928,116-ZA-T01,Pre-PQ Process,SCMS-26820,ASN-2488,South Africa,PMO - US,Direct Drop,DDP,Truck,Pre-PQ Process,Date Not Captured,10-Jul-08,8-Jul-08,8-Jul-08,ARV,Adult,S. BUYS WHOLESALER,"Didanosine EC 250mg [Videx EC], delayed-release capsules, Blister 3 x 10 Caps",Didanosine EC,Videx EC,Delayed-release capsules - blister,30,60,1096.2,18.27,0.61,"BMS Meymac, France",False,Weight Captured Separately,Freight Included in Commodity Cost,250mg,1.75
207,1929,116-ZA-T01,Pre-PQ Process,SCMS-26820,ASN-2488,South Africa,PMO - US,Direct Drop,DDP,Truck,Pre-PQ Process,Date Not Captured,10-Jul-08,8-Jul-08,8-Jul-08,ARV,Pediatric,S. BUYS WHOLESALER,"Didanosine 2g [Videx], powder for oral solution 10mg/ml, reconstitute to 200 ml",Didanosine,Videx,Powder for oral solution,200,12,150.48,12.54,0.06,"BMS Meymac, France",False,Weight Captured Separately,Freight Included in Commodity Cost,2g,0.24
208,1939,110-ZM-T01,Pre-PQ Process,SCMS-27010,ASN-2448,Zambia,PMO - US,Direct Drop,EXW,Air,Pre-PQ Process,8/21/2008,22-Sep-08,22-Sep-08,22-Sep-08,HRDT,HIV test - Ancillary,"Orgenics, Ltd","HIV, Lancet, Safety, for HIV Test kits, 100 Pcs","HIV, Lancet, Safety, for HIV Test kits, 100 Pcs",Generic,Test kit - Ancillary,100,3000,30.0,0.01,0.0,Inverness Japan,True,889,7303.52,,0.05
209,1940,102-GY-T01,Pre-PQ Process,SCMS-27030,ASN-2638,Guyana,PMO - US,Direct Drop,EXW,Air,Pre-PQ Process,8/21/2008,29-Oct-08,29-Oct-08,29-Oct-08,HRDT,HIV test,"Orgenics, Ltd","HIV 1/2, Determine HIV Kit, without Lancets, 100 Tests","HIV 1/2, Determine HIV Kit, without Lancets",Determine,Test kit,100,213,15333.87,71.99,0.72,Inverness Japan,True,49,1047.39,,30.05
210,1941,133-NG-T01,Pre-PQ Process,SCMS-27060,ASN-2438,Nigeria,PMO - US,Direct Drop,EXW,Air,Pre-PQ Process,7/18/2008,15-Oct-08,15-Oct-08,15-Oct-08,HRDT,HIV test - Ancillary,"Orgenics, Ltd","HIV, Lancet, Safety, for HIV Test kits, 100 Pcs","HIV, Lancet, Safety, for HIV Test kits, 100 Pcs",Generic,Test kit - Ancillary,100,6502,65.02,0.01,0.0,Inverness Japan,True,1927,24870.05,,0.1
211,1942,133-NG-T01,Pre-PQ Process,SCMS-27070,ASN-2352,Nigeria,PMO - US,Direct Drop,EXW,Air,Pre-PQ Process,8/21/2008,12-Sep-08,12-Sep-08,12-Sep-08,HRDT,HIV test,"Orgenics, Ltd","HIV 1/2, Determine HIV Kit, without Lancets, 100 Tests","HIV 1/2, Determine HIV Kit, without Lancets",Determine,Test kit,100,6875,549931.25,79.99,0.8,Inverness Japan,True,1566,19992.75,,879.89
212,1954,108-VN-T01,Pre-PQ Process,SCMS-27290,ASN-2854,Vietnam,PMO - US,Direct Drop,FCA,Air,Pre-PQ Process,7/24/2008,2-Dec-08,2-Dec-08,2-Dec-08,ARV,Adult,ABBVIE LOGISTICS (FORMERLY ABBOTT LOGISTICS BV),"Lopinavir/Ritonavir 200/50mg [Aluvia], tablets, 120 Tabs",Lopinavir/Ritonavir,Aluvia,Tablet,120,434,35674.8,82.2,0.68,ABBVIE Ludwigshafen Germany,True,113,2709.98,200/50mg,69.92
213,1955,108-VN-T01,Pre-PQ Process,SCMS-27310,ASN-2809,Vietnam,PMO - US,Direct Drop,EXW,Air,Pre-PQ Process,7/24/2008,24-Nov-08,24-Nov-08,24-Nov-08,ARV,Adult,Aurobindo Pharma Limited,"Lamivudine/Nevirapine/Zidovudine 150/200/300mg, tablets, 60 Tabs",Lamivudine/Nevirapine/Zidovudine,Generic,Tablet - FDC,60,1100,12540.0,11.4,0.19,"Aurobindo Unit III, India",True,159,2568.6,150/300/200mg,24.58
214,1956,108-VN-T01,Pre-PQ Process,SCMS-27350,ASN-2766,Vietnam,PMO - US,Direct Drop,EXW,Air,Pre-PQ Process,7/24/2008,25-Nov-08,25-Nov-08,25-Nov-08,ARV,Adult,MYLAN LABORATORIES LTD (FORMERLY MATRIX LABORATORIES),"Efavirenz 600mg, tablets, 30 Tabs",Efavirenz,Generic,Tablet,30,8400,85596.0,10.19,0.34,Mylan (formerly Matrix) Nashik,True,613,3247.73,600mg,167.77
215,1957,108-VN-T01,Pre-PQ Process,SCMS-27380,ASN-2873,Vietnam,PMO - US,Direct Drop,EXW,Air,Pre-PQ Process,7/24/2008,3-Dec-08,3-Dec-08,3-Dec-08,ARV,Adult,CIPLA LIMITED,"Lamivudine/Nevirapine/Stavudine 150/200/30mg, tablets, 60 Tabs",Lamivudine/Nevirapine/Stavudine,Generic,Tablet - FDC,60,3648,26448.0,7.25,0.12,"Cipla, Goa, India",True,323,2335.19,150/200/30mg,51.84
216,1971,102-GY-T01,Pre-PQ Process,SCMS-27680,ASN-2910,Guyana,PMO - US,Direct Drop,EXW,Air,Pre-PQ Process,7/28/2008,15-Dec-08,15-Dec-08,15-Dec-08,MRDT,Malaria,ZEPHYR BIOMEDICALS,"Malaria Paramax-3 Kit, 25 Tests",Malaria Paramax-3 Kit,Paramax,Test kit,25,108,4050.0,37.5,1.5,Not Applicable,True,34,648.27,,7.94
217,1972,117-ET-T01,Pre-PQ Process,SCMS-27800,ASN-2592,Ethiopia,PMO - US,Direct Drop,EXW,Air,Pre-PQ Process,7/30/2008,3-Nov-08,13-Oct-08,13-Oct-08,HRDT,HIV test,"CHEMBIO DIAGNOSTIC SYSTEMS, INC.","HIV 1/2, Stat-Pak HIV, Kit, 20 Tests","HIV 1/2, Stat-Pak HIV, Kit",Stat-Pak,Test kit,20,5958,160866.0,27.0,1.35,Chembio Diagnostics Sys. Inc.,True,2147,11066.17,,257.39
218,1973,117-ET-T01,Pre-PQ Process,SCMS-27800,ASN-2747,Ethiopia,PMO - US,Direct Drop,EXW,Air,Pre-PQ Process,7/30/2008,3-Nov-08,3-Nov-08,3-Nov-08,HRDT,HIV test,"CHEMBIO DIAGNOSTIC SYSTEMS, INC.","HIV 1/2, Stat-Pak HIV, Kit, 20 Tests","HIV 1/2, Stat-Pak HIV, Kit",Stat-Pak,Test kit,20,3982,107514.0,27.0,1.35,Chembio Diagnostics Sys. Inc.,True,1445,7303.25,,210.73
219,2008,117-ET-T01,Pre-PQ Process,SCMS-28710,ASN-2576,Ethiopia,PMO - US,Direct Drop,EXW,Air,Pre-PQ Process,8/22/2008,7-Oct-08,7-Oct-08,7-Oct-08,HRDT,HIV test,"SHANGHAI KEHUA BIOENGINEERING CO.,LTD.  (KHB)","HIV 1/2, SKB Colloidal Gold, Diagnostic Kit, Antibody, 50 Tests","HIV 1/2, Colloidal Gold, Diagnostic Kit, Antibody",Colloidal Gold,Test kit,1,6998,160954.0,23.0,23.0,"KHB Test Kit Facility, Shanghai China",True,5057,44347.71,,257.53
220,2014,116-ZA-T01,Pre-PQ Process,SCMS-28830,ASN-2503,South Africa,PMO - US,Direct Drop,DDP,Truck,Pre-PQ Process,Date Not Captured,25-Aug-08,14-Aug-08,14-Aug-08,ARV,Adult,S. BUYS WHOLESALER,"Tenofovir Disoproxil Fumarate 300mg [Viread], tablets, 30 Tabs",Tenofovir Disoproxil Fumarate,Viread,Tablet,30,300,7080.0,23.6,0.79,"Aspen-OSD, Port Elizabeth, SA",True,Weight Captured Separately,Freight Included in Commodity Cost,300mg,11.33
221,2015,116-ZA-T01,Pre-PQ Process,SCMS-28830,ASN-2503,South Africa,PMO - US,Direct Drop,DDP,Truck,Pre-PQ Process,Date Not Captured,25-Aug-08,14-Aug-08,14-Aug-08,ARV,Pediatric,S. BUYS WHOLESALER,"Nevirapine 10mg/ml [Viramune], oral suspension, Bottle, 240 ml",Nevirapine,Viramune,Oral suspension,240,40,557.6,13.94,0.06,"BI, Ingelheim, Germany",False,Weight Captured Separately,Freight Included in Commodity Cost,10mg/ml,0.89
222,2146,117-ET-T01,Pre-PQ Process,SCMS-32630,ASN-3155,Ethiopia,PMO - US,Direct Drop,EXW,Air,Pre-PQ Process,10/27/2008,26-Jan-09,20-Jan-09,20-Jan-09,HRDT,HIV test,"SHANGHAI KEHUA BIOENGINEERING CO.,LTD.  (KHB)","HIV 1/2, SKB Colloidal Gold, Diagnostic Kit, Antibody, 50 Tests","HIV 1/2, Colloidal Gold, Diagnostic Kit, Antibody",Colloidal Gold,Test kit,1,3470,79810.0,23.0,23.0,"KHB Test Kit Facility, Shanghai China",True,2509,19882.25,,156.43
223,2147,117-ET-T01,Pre-PQ Process,SCMS-32640,ASN-2935,Ethiopia,PMO - US,Direct Drop,EXW,Air,Pre-PQ Process,10/27/2008,3-Dec-08,3-Dec-08,3-Dec-08,HRDT,HIV test,"SHANGHAI KEHUA BIOENGINEERING CO.,LTD.  (KHB)","HIV 1/2, SKB Colloidal Gold, Diagnostic Kit, Antibody, 50 Tests","HIV 1/2, Colloidal Gold, Diagnostic Kit, Antibody",Colloidal Gold,Test kit,1,3510,80730.0,23.0,23.0,"KHB Test Kit Facility, Shanghai China",True,2535,22433.91,,158.23
224,2148,113-ZW-T01,Pre-PQ Process,SCMS-32660,ASN-3228,Zimbabwe,PMO - US,Direct Drop,CIP,Air,Pre-PQ Process,10/28/2008,3-Feb-09,3-Feb-09,3-Feb-09,HRDT,HIV test,BIOLYTICAL LABORATORIES INC.,"#109440**HIV 1/2, INSTI HIV Antibody Individual POC, 1 Test","HIV 1/2, INSTI HIV Antibody Individual POC, 1 Test",INSTi,Test kit,1,5000,12706.65,2.54,2.54,bioLytical Laboratories,True,Weight Captured Separately,Freight Included in Commodity Cost,,24.91
225,2153,108-VN-T01,Pre-PQ Process,SCMS-33070,ASN-2888,Vietnam,PMO - US,Direct Drop,EXW,Air,Pre-PQ Process,11/3/2008,27-Nov-08,27-Nov-08,27-Nov-08,ARV,Adult,Aurobindo Pharma Limited,"Nevirapine 200mg, tablets, 60 Tabs",Nevirapine,Generic,Tablet,60,6000,17400.0,2.9,0.05,"Aurobindo Unit III, India",True,581,2653.27,200mg,34.1
226,2156,116-ZA-T01,Pre-PQ Process,SCMS-33320,ASN-3553,South Africa,PMO - US,Direct Drop,DDP,Truck,Pre-PQ Process,Date Not Captured,17-May-09,9-Oct-08,9-Oct-08,ARV,Adult,S. BUYS WHOLESALER,"Efavirenz 600mg, tablets, 30 Tabs",Efavirenz,Generic,Tablet,30,1300,20410.0,15.7,0.52,"Cipla, Goa, India",False,Weight Captured Separately,Freight Included in Commodity Cost,600mg,40.0
227,2157,116-ZA-T01,Pre-PQ Process,SCMS-33320,ASN-3553,South Africa,PMO - US,Direct Drop,DDP,Truck,Pre-PQ Process,Date Not Captured,17-May-09,9-Oct-08,9-Oct-08,ARV,Pediatric,S. BUYS WHOLESALER,"Zidovudine 10mg/ml [Retrovir], oral solution, Bottle, 200 ml",Zidovudine,Retrovir,Oral solution,200,120,733.2,6.11,0.03,GSK Mississauga (Canada),False,Weight Captured Separately,Freight Included in Commodity Cost,10mg/ml,1.44
228,2158,116-ZA-T01,Pre-PQ Process,SCMS-33320,ASN-3553,South Africa,PMO - US,Direct Drop,DDP,Truck,Pre-PQ Process,Date Not Captured,17-May-09,9-Oct-08,9-Oct-08,ARV,Adult,S. BUYS WHOLESALER,"Saquinavir 200mg [Invirase], capsules, 270 Caps",Saquinavir,Invirase,Capsule,270,6,424.08,70.68,0.26,Roche Basel,False,Weight Captured Separately,Freight Included in Commodity Cost,200mg,0.83
229,2159,116-ZA-T01,Pre-PQ Process,SCMS-33320,ASN-3553,South Africa,PMO - US,Direct Drop,DDP,Truck,Pre-PQ Process,Date Not Captured,17-May-09,9-Oct-08,9-Oct-08,ARV,Pediatric,S. BUYS WHOLESALER,"Nevirapine 10mg/ml [Viramune], oral suspension, Bottle, 240 ml",Nevirapine,Viramune,Oral suspension,240,40,540.4,13.51,0.06,"BI, Ingelheim, Germany",False,Weight Captured Separately,Freight Included in Commodity Cost,10mg/ml,1.06
230,2171,133-NG-T01,Pre-PQ Process,SCMS-33820,ASN-3665,Nigeria,PMO - US,Direct Drop,EXW,Air,Pre-PQ Process,11/20/2008,8-Apr-09,8-Apr-09,8-Apr-09,HRDT,HIV test,"Orgenics, Ltd","HIV 1/2, Determine Complete HIV Kit, 100 Tests","HIV 1/2, Determine Complete HIV Kit",Determine,Test kit,100,5751,460080.0,80.0,0.8,Inverness Japan,True,1723,22451.67,,901.76
231,2173,141-NA-T01,Pre-PQ Process,SCMS-33850,ASN-3110,Namibia,PMO - US,Direct Drop,EXW,Air,Pre-PQ Process,11/20/2008,27-Jan-09,27-Jan-09,27-Jan-09,HRDT,HIV test,INVERNESS MEDICAL INNOVATIONS SOUTH AFRICA (PTY) LTD,"HIV 1/2, Clearview Complete Kit, 25 Tests","HIV 1/2, Clearview Complete Kit",Clearview,Test kit,25,3,225.0,75.0,3.0,Inverness USA,True,3,963.34,,0.44
232,2257,102-GY-T01,Pre-PQ Process,SCMS-36540,ASN-3166,Guyana,PMO - US,Direct Drop,EXW,Air,Pre-PQ Process,12/23/2008,25-Feb-09,27-Jan-09,27-Jan-09,HRDT,HIV test,"CHEMBIO DIAGNOSTIC SYSTEMS, INC.","HIV 1/2, Stat-Pak HIV, Kit, 20 Tests","HIV 1/2, Stat-Pak HIV, Kit",Stat-Pak,Test kit,20,100,2700.0,27.0,1.35,Chembio Diagnostics Sys. Inc.,True,28,692.38,,5.29
233,2295,119-NA-T01,Pre-PQ Process,SCMS-37060,ASN-3303,Namibia,PMO - US,Direct Drop,EXW,Air,Pre-PQ Process,1/13/2009,2-Mar-09,2-Mar-09,2-Mar-09,HRDT,HIV test,"Trinity Biotech, Plc","HIV 1/2, Uni-Gold HIV Kit, 20 Tests","HIV 1/2, Uni-Gold HIV Kit",Uni-Gold,Test kit,20,68,2176.0,32.0,1.6,"Trinity Biotech, Plc",True,22,1003.52,,4.26
234,2297,108-VN-T01,Pre-PQ Process,SCMS-37160,ASN-3561,Vietnam,PMO - US,Direct Drop,EXW,Air,Pre-PQ Process,1/16/2009,7-Apr-09,7-Apr-09,7-Apr-09,ARV,Adult,Aurobindo Pharma Limited,"Lamivudine 150mg, tablets, 60 Tabs",Lamivudine,Generic,Tablet,60,9000,21600.0,2.4,0.04,"Aurobindo Unit III, India",True,2228,9809.7,150mg,42.34
235,2298,108-VN-T01,Pre-PQ Process,SCMS-37170,ASN-3562,Vietnam,PMO - US,Direct Drop,EXW,Air,Pre-PQ Process,1/16/2009,10-Apr-09,10-Apr-09,10-Apr-09,ARV,Adult,Aurobindo Pharma Limited,"Lamivudine/Nevirapine/Zidovudine 150/200/300mg, tablets, 60 Tabs",Lamivudine/Nevirapine/Zidovudine,Generic,Tablet - FDC,60,700,7805.0,11.15,0.19,"Aurobindo Unit III, India",False,See ASN-3562 (ID#:960),See ASN-3562 (ID#:960),150/300/200mg,15.3
236,2305,131-NG-T01,Pre-PQ Process,SCMS-37370,ASN-3497,Nigeria,PMO - US,Direct Drop,CIP,Air,Pre-PQ Process,2/3/2009,8-Apr-09,8-Apr-09,8-Apr-09,ARV,Adult,MERCK SHARP & DOHME IDEA GMBH (FORMALLY MERCK SHARP & DOHME B.V.),"Efavirenz/Emtricitabine/Tenofovir Disoproxil Fumarate 600/200/300mg [Atripla], tablets, 30 Tabs",Efavirenz/Emtricitabine/Tenofovir Disoproxil Fumarate,Atripla,Tablet - FDC,30,25000,1260000.0,50.4,1.68,"MSD, Haarlem, NL",True,2067,7933.38,600/200/300mg,2469.6
237,2328,106-HT-T01,Pre-PQ Process,SCMS-38160,ASN-3457,Haiti,PMO - US,Direct Drop,EXW,Air,Pre-PQ Process,2/3/2009,16-Mar-09,16-Mar-09,16-Mar-09,HRDT,HIV test,"Orgenics, Ltd","HIV 1/2, Determine HIV Kit, without Lancets, 100 Tests","HIV 1/2, Determine HIV Kit, without Lancets",Determine,Test kit,100,1680,117600.0,70.0,0.7,Inverness Japan,True,382,3241.06,,230.5
238,2399,106-HT-T01,Pre-PQ Process,SCMS-39970,ASN-3628,Haiti,PMO - US,Direct Drop,EXW,Air,Pre-PQ Process,3/6/2009,2-Apr-09,2-Apr-09,2-Apr-09,ARV,Pediatric,Aurobindo Pharma Limited,"Zidovudine 100mg, capsules, 100 Caps",Zidovudine,Generic,Capsule,100,2100,10500.0,5.0,0.05,"Aurobindo Unit III, India",True,187,1903.54,100mg,20.58
239,2417,111-MZ-T01,Pre-PQ Process,SCMS-40370,ASN-3857,Mozambique,PMO - US,Direct Drop,EXW,Air,Pre-PQ Process,3/11/2009,26-May-09,26-May-09,26-May-09,HRDT,HIV test,"Orgenics, Ltd","HIV 1/2, Determine Complete HIV Kit, 100 Tests","HIV 1/2, Determine Complete HIV Kit",Determine,Test kit,100,9000,648000.0,72.0,0.72,Inverness Japan,True,2655,25052.69,,1270.08
240,2429,116-ZA-T01,Pre-PQ Process,SCMS-40780,ASN-3607,South Africa,PMO - US,Direct Drop,DDP,Air,Pre-PQ Process,Date Not Captured,17-Mar-09,28-Nov-08,28-Nov-08,ARV,Pediatric,S. BUYS WHOLESALER,"Efavirenz 200mg, capsule, 90 Caps",Efavirenz,Generic,Capsule,90,176,3359.84,19.09,0.21,"Aurobindo Unit III, India",True,Weight Captured Separately,Freight Included in Commodity Cost,200mg,6.59
241,2430,116-ZA-T01,Pre-PQ Process,SCMS-40790,ASN-3575,South Africa,PMO - US,Direct Drop,DDP,Air,Pre-PQ Process,Date Not Captured,24-Mar-09,1-Dec-08,1-Dec-08,ARV,Adult,S. BUYS WHOLESALER,"Nevirapine 200mg, tablets, 60 Tabs",Nevirapine,Generic,Tablet,60,5017,24583.3,4.9,0.08,"Aurobindo Unit III, India",True,Weight Captured Separately,Freight Included in Commodity Cost,200mg,48.18
242,2431,116-ZA-T01,Pre-PQ Process,SCMS-40810,ASN-3634,South Africa,PMO - US,Direct Drop,DDP,Air,Pre-PQ Process,Date Not Captured,31-Mar-09,2-Dec-08,2-Dec-08,ARV,Pediatric,S. BUYS WHOLESALER,"Zidovudine 10mg/ml, oral solution, Bottle, 240 ml",Zidovudine,Generic,Oral solution,240,929,3390.85,3.65,0.02,"Aurobindo Unit III, India",False,Weight Captured Separately,Freight Included in Commodity Cost,10mg/ml,6.65
243,2432,116-ZA-T01,Pre-PQ Process,SCMS-40860,ASN-3581,South Africa,PMO - US,Direct Drop,DDP,Air,Pre-PQ Process,Date Not Captured,23-Jun-09,29-Jan-09,29-Jan-09,ARV,Adult,S. BUYS WHOLESALER,"Lamivudine 150mg, tablets, 60 Tabs",Lamivudine,Generic,Tablet,60,6700,36582.0,5.46,0.09,"Aurobindo Unit III, India",True,Weight Captured Separately,Freight Included in Commodity Cost,150mg,71.7
244,2436,116-ZA-T01,Pre-PQ Process,SCMS-41070,ASN-3625,South Africa,PMO - US,Direct Drop,DDP,Air,Pre-PQ Process,Date Not Captured,12-May-09,30-Dec-08,30-Dec-08,ARV,Adult,S. BUYS WHOLESALER,"Zidovudine 300mg [Retrovir], tablets, 60 Tabs",Zidovudine,Retrovir,Tablet,60,1350,19062.0,14.12,0.24,GSK Aranda,False,Weight Captured Separately,Freight Included in Commodity Cost,300mg,37.36
245,2437,116-ZA-T01,Pre-PQ Process,SCMS-41080,ASN-3638,South Africa,PMO - US,Direct Drop,DDP,Air,Pre-PQ Process,Date Not Captured,26-May-09,22-Jan-09,22-Jan-09,ARV,Adult,S. BUYS WHOLESALER,"Efavirenz 600mg, tablets, 30 Tabs",Efavirenz,Generic,Tablet,30,1120,16307.2,14.56,0.49,"Cipla, Goa, India",True,Weight Captured Separately,Freight Included in Commodity Cost,600mg,31.96
246,2438,116-ZA-T01,Pre-PQ Process,SCMS-41140,ASN-3752,South Africa,PMO - US,Direct Drop,DDP,Air,Pre-PQ Process,Date Not Captured,31-Mar-09,21-Nov-08,21-Nov-08,ARV,Adult,S. BUYS WHOLESALER,"Stavudine 20mg [Zerit], capsules, 60 Caps",Stavudine,Zerit,Capsule,60,100,371.0,3.71,0.06,"BMS Meymac, France",False,Weight Captured Separately,Freight Included in Commodity Cost,20mg,0.73
247,2439,116-ZA-T01,Pre-PQ Process,SCMS-41190,ASN-3732,South Africa,PMO - US,Direct Drop,DDP,Air,Pre-PQ Process,Date Not Captured,30-Mar-09,21-Jan-09,21-Jan-09,ARV,Adult,S. BUYS WHOLESALER,"Stavudine 30mg, capsules, 60 Caps",Stavudine,Generic,Capsule,60,1000,2920.0,2.92,0.05,"Aurobindo Unit III, India",True,Weight Captured Separately,Freight Included in Commodity Cost,30mg,5.72
248,2440,116-ZA-T01,Pre-PQ Process,SCMS-41190,ASN-3732,South Africa,PMO - US,Direct Drop,DDP,Air,Pre-PQ Process,Date Not Captured,30-Mar-09,21-Jan-09,21-Jan-09,ARV,Adult,S. BUYS WHOLESALER,"Nevirapine 200mg [Viramune], tablets, 60 Tabs",Nevirapine,Viramune,Tablet,60,260,4035.2,15.52,0.26,"Boehringer Ing., Koropi, GR",False,Weight Captured Separately,Freight Included in Commodity Cost,200mg,7.91
249,2441,114-UG-T01,Pre-PQ Process,SCMS-41240,ASN-3904,Uganda,PMO - US,Direct Drop,CIP,Air,Pre-PQ Process,3/19/2009,4-May-09,4-May-09,4-May-09,ARV,Adult,BRISTOL-MYERS SQUIBB,"Didanosine EC 250mg [Videx EC], delayed-release capsules, Blister 3 x 10 Caps",Didanosine EC,Videx EC,Delayed-release capsules - blister,30,60,1100.4,18.34,0.61,"BMS Meymac, France",True,3000,428.91,250mg,2.16
250,2447,116-ZA-T01,Pre-PQ Process,SCMS-41450,ASN-4362,South Africa,PMO - US,Direct Drop,DDP,Truck,Pre-PQ Process,3/18/2009,17-Apr-09,17-Apr-09,17-Apr-09,ARV,Pediatric,S. BUYS WHOLESALER,"Efavirenz 200mg [Stocrin/Sustiva], capsule, 90 Caps",Efavirenz,Stocrin/Sustiva,Capsule,90,5000,160900.0,32.18,0.36,"MSD Midrand, J'burg, SA",True,Weight Captured Separately,Freight Included in Commodity Cost,200mg,315.36
251,2450,116-ZA-T01,Pre-PQ Process,SCMS-41584,ASN-4385,South Africa,PMO - US,Direct Drop,DDP,Air,Pre-PQ Process,3/27/2009,25-Jun-09,20-Apr-09,20-Apr-09,ARV,Pediatric,S. BUYS WHOLESALER,"Zidovudine 10mg/ml [Retrovir], solution for IV infusion injection, Vial 5 x 20 ml",Zidovudine,Retrovir,Injection,5,166,2265.9,13.65,2.73,GSK Ware (UK),False,Weight Captured Separately,Freight Included in Commodity Cost,10mg/ml,4.44
252,2451,116-ZA-T01,Pre-PQ Process,SCMS-41584,ASN-4385,South Africa,PMO - US,Direct Drop,DDP,Air,Pre-PQ Process,3/27/2009,25-Jun-09,20-Apr-09,20-Apr-09,ARV,Pediatric,S. BUYS WHOLESALER,"Didanosine 50mg [Videx], chewable tablets, 60 Tabs",Didanosine,Videx,Chewable/dispersible tablet,60,1500,15150.0,10.1,0.17,"BMS Meymac, France",False,Weight Captured Separately,Freight Included in Commodity Cost,50mg,29.69
253,2463,107-RW-T01,Pre-PQ Process,SCMS-30312,ASN-3851,Rwanda,PMO - US,Direct Drop,CIP,Air,Pre-PQ Process,10/21/2008,20-Apr-09,20-Apr-09,20-Apr-09,ARV,Adult,CIPLA LIMITED,"Lamivudine/Zidovudine 150/300mg, tablets, 60 Tabs",Lamivudine/Zidovudine,Generic,Tablet - FDC,60,7840,71344.0,9.1,0.15,"Cipla, Goa, India",True,719,853.88,150/300mg,139.83
254,2474,116-ZA-T01,Pre-PQ Process,SCMS-47420,ASN-4280,South Africa,PMO - US,Direct Drop,DDP,Air,Pre-PQ Process,4/2/2009,31-Jul-09,20-Apr-09,20-Apr-09,ARV,Pediatric,S. BUYS WHOLESALER,"Lopinavir/Ritonavir 80/20mg/ml [Kaletra], oral solution, cool, Bottle 5 x 60 ml",Lopinavir/Ritonavir,Kaletra,Oral solution,300,40,1440.0,36.0,0.12,ABBVIE (Abbott) Logis. UK,True,Weight Captured Separately,Freight Included in Commodity Cost,80/20mg/ml,2.82
255,2475,116-ZA-T01,Pre-PQ Process,SCMS-47360,ASN-4286,South Africa,PMO - US,Direct Drop,DDP,Truck,Pre-PQ Process,4/2/2009,31-Jul-09,4-May-09,4-May-09,ARV,Pediatric,S. BUYS WHOLESALER,"Ritonavir 80mg/ml [Norvir], oral solution, cool, Bottle, 90 ml",Ritonavir,Norvir,Oral solution,90,6,43.2,7.2,0.08,ABBVIE (Abbott) France,True,Weight Captured Separately,Freight Included in Commodity Cost,80mg/ml,0.08
256,2476,116-ZA-T01,Pre-PQ Process,SCMS-42250,ASN-4612,South Africa,PMO - US,Direct Drop,DDP,Truck,Pre-PQ Process,4/2/2009,31-Jul-09,8-Jun-09,8-Jun-09,ARV,Pediatric,S. BUYS WHOLESALER,"Ritonavir 80mg/ml [Norvir], oral solution, cool, Bottle, 90 ml",Ritonavir,Norvir,Oral solution,90,6,43.2,7.2,0.08,ABBVIE (Abbott) France,True,Weight Captured Separately,Freight Included in Commodity Cost,80mg/ml,0.08
257,2477,102-GY-T01,Pre-PQ Process,SCMS-42290,ASN-3987,Guyana,PMO - US,Direct Drop,EXW,Air,Pre-PQ Process,3/31/2009,5-Jun-09,5-Jun-09,5-Jun-09,HRDT,HIV test,"Orgenics, Ltd","HIV 1/2, Determine Complete HIV Kit, 100 Tests","HIV 1/2, Determine Complete HIV Kit",Determine,Test kit,100,425,38250.0,90.0,0.9,Inverness Japan,True,130,1859.79,,74.97
258,2478,102-GY-T01,Pre-PQ Process,SCMS-42320,ASN-4291,Guyana,PMO - US,Direct Drop,EXW,Air,Pre-PQ Process,3/30/2009,1-Jul-09,1-Jul-09,1-Jul-09,HRDT,HIV test,"Orgenics, Ltd","HIV 1/2, Determine Complete HIV Kit, 100 Tests","HIV 1/2, Determine Complete HIV Kit",Determine,Test kit,100,276,24840.0,90.0,0.9,Inverness Japan,True,87,1205.7,,48.69
259,2481,116-ZA-T01,Pre-PQ Process,SCMS-47500,ASN-4332,South Africa,PMO - US,Direct Drop,DDP,Truck,Pre-PQ Process,4/2/2009,15-May-09,23-Apr-09,23-Apr-09,ARV,Adult,S. BUYS WHOLESALER,"Stavudine 20mg [Zerit], capsules, 60 Caps",Stavudine,Zerit,Capsule,60,76,300.2,3.95,0.07,"BMS Meymac, France",False,See ASN-4332 (ID#:1115),See ASN-4332 (ID#:1115),20mg,0.59
260,2499,112-NG-T01,Pre-PQ Process,SCMS-42830,ASN-3984,Nigeria,PMO - US,Direct Drop,FCA,Air,Pre-PQ Process,4/1/2009,20-May-09,20-May-09,20-May-09,ARV,Adult,ABBVIE LOGISTICS (FORMERLY ABBOTT LOGISTICS BV),"Lopinavir/Ritonavir 200/50mg [Aluvia], tablets, 120 Tabs",Lopinavir/Ritonavir,Aluvia,Tablet,120,73,3000.3,41.1,0.34,ABBVIE Ludwigshafen Germany,True,69,1332.43,200/50mg,5.88
261,2502,102-KE-T01,Pre-PQ Process,SCMS-42970,ASN-4098,Kenya,PMO - US,Direct Drop,EXW,Air,Pre-PQ Process,4/4/2009,18-Jun-09,18-Jun-09,18-Jun-09,HRDT,HIV test,"Trinity Biotech, Plc","HIV 1/2, Uni-Gold HIV Kit, 20 Tests","HIV 1/2, Uni-Gold HIV Kit",Uni-Gold,Test kit,20,5,160.0,32.0,1.6,"Trinity Biotech, Plc",True,2,12561.4,,0.31
262,2503,102-KE-T01,Pre-PQ Process,SCMS-42970,ASN-4099,Kenya,PMO - US,Direct Drop,EXW,Air,Pre-PQ Process,4/4/2009,18-Jun-09,18-Jun-09,18-Jun-09,HRDT,HIV test,"Trinity Biotech, Plc","HIV 1/2, Uni-Gold HIV Kit, 20 Tests","HIV 1/2, Uni-Gold HIV Kit",Uni-Gold,Test kit,20,4995,159840.0,32.0,1.6,"Trinity Biotech, Plc",True,4995,275,,313.29
263,2506,123-NG-T01,Pre-PQ Process,SCMS-36892,ASN-4206,Nigeria,PMO - US,Direct Drop,FCA,Air,Pre-PQ Process,4/7/2009,14-Jul-09,14-Jul-09,14-Jul-09,ARV,Adult,ABBVIE LOGISTICS (FORMERLY ABBOTT LOGISTICS BV),"Lopinavir/Ritonavir 200/50mg [Aluvia], tablets, 120 Tabs",Lopinavir/Ritonavir,Aluvia,Tablet,120,2040,83844.0,41.1,0.34,ABBVIE Ludwigshafen Germany,True,309,3777.93,200/50mg,164.33
264,2536,107-RW-T01,Pre-PQ Process,SCMS-43880,ASN-4462,Rwanda,PMO - US,Direct Drop,CIP,Air,Pre-PQ Process,4/15/2009,20-Jul-09,20-Jul-09,20-Jul-09,ARV,Adult,MYLAN LABORATORIES LTD (FORMERLY MATRIX LABORATORIES),"Lamivudine/Nevirapine/Zidovudine 150/200/300mg, tablets, 60 Tabs",Lamivudine/Nevirapine/Zidovudine,Generic,Tablet - FDC,60,26932,317528.28,11.79,0.2,Mylan (formerly Matrix) Nashik,True,3393,30661.5,150/300/200mg,622.36
265,2539,104-CI-T01,Pre-PQ Process,SCMS-44120,ASN-4289,Côte d'Ivoire,PMO - US,Direct Drop,EXW,Air,Pre-PQ Process,4/15/2009,10-Jun-09,15-Jul-09,15-Jul-09,HRDT,HIV test,BIO-RAD LABORATORIES (FRANCE),"#108853** HIV, Genie II HIV-1/HIV-2 Kit, 40 Tests","HIV, Genie II HIV-1/HIV-2 Kit",Genie,Test kit,40,1000,110000.0,110.0,2.75,Bio-Rad Laboratories,True,1073,8114.11,,215.6
266,2558,119-NA-T01,Pre-PQ Process,SCMS-44960,ASN-4186,Namibia,PMO - US,Direct Drop,EXW,Air,Pre-PQ Process,4/27/2009,15-Jun-09,15-Jun-09,15-Jun-09,HRDT,HIV test,"Orgenics, Ltd","HIV 1/2, Determine HIV Kit, without Lancets, 100 Tests","HIV 1/2, Determine HIV Kit, without Lancets",Determine,Test kit,100,800,56000.0,70.0,0.7,Inverness Japan,True,195,2008.54,,109.76
267,2559,108-VN-T01,Pre-PQ Process,SCMS-44980,ASN-4094,Vietnam,PMO - US,Direct Drop,EXW,Air,Pre-PQ Process,4/29/2009,8-Jun-09,8-Jun-09,8-Jun-09,ARV,Adult,Aurobindo Pharma Limited,"Didanosine 250mg, delayed-release capsules, 30 Caps",Didanosine,Generic,Delayed-release capsules,30,150,1950.0,13.0,0.43,"Aurobindo Unit III, India",True,30,4111.71,250mg,3.82
268,2562,104-CI-T01,Pre-PQ Process,SCMS-45110,ASN-4046,Côte d'Ivoire,PMO - US,Direct Drop,EXW,Air,Pre-PQ Process,4/29/2009,9-Jun-09,9-Jun-09,9-Jun-09,HRDT,HIV test,BIO-RAD LABORATORIES (FRANCE),"#108853** HIV, Genie II HIV-1/HIV-2 Kit, 40 Tests","HIV, Genie II HIV-1/HIV-2 Kit",Genie,Test kit,40,140,15400.0,110.0,2.75,Bio-Rad Laboratories,True,158,4318.21,,30.18
269,2571,119-NA-T01,Pre-PQ Process,SCMS-45620,ASN-4511,Namibia,PMO - US,Direct Drop,EXW,Air,Pre-PQ Process,5/8/2009,18-Aug-09,18-Aug-09,18-Aug-09,ARV,Pediatric,CIPLA LIMITED,"Lamivudine/Stavudine 30/6mg, dispersible tablets, 60 Tabs",Lamivudine/Stavudine,Generic,Chewable/dispersible tablet - FDC,60,2000,3800.0,1.9,0.03,"Cipla, Goa, India",True,251,1484.75,30/6mg,7.45
270,2588,108-VN-T01,Pre-PQ Process,SCMS-46560,ASN-4709,Vietnam,PMO - US,Direct Drop,CIP,Air,Pre-PQ Process,5/27/2009,19-Aug-09,19-Aug-09,19-Aug-09,ARV,Pediatric,BRISTOL-MYERS SQUIBB,"Didanosine 25mg [Videx], chewable tablets, 60 Tabs",Didanosine,Videx,Chewable/dispersible tablet,60,120,840.0,7.0,0.12,"BMS Meymac, France",True,Weight Captured Separately,Freight Included in Commodity Cost,25mg,1.65
271,2601,116-ZA-T01,Pre-PQ Process,SCMS-47051,ASN-4837,South Africa,PMO - US,Direct Drop,DDP,Truck,Pre-PQ Process,6/5/2009,12-Oct-09,3-Aug-09,3-Aug-09,ARV,Adult,S. BUYS WHOLESALER,"Didanosine EC 400mg [Videx EC], delayed-release capsules, Blister 3 x 10 Caps",Didanosine EC,Videx EC,Delayed-release capsules - blister,30,20,438.0,21.9,0.73,"BMS Meymac, France",True,Weight Captured Separately,Freight Included in Commodity Cost,400mg,0.86
272,2602,116-ZA-T01,Pre-PQ Process,SCMS-47090,ASN-4820,South Africa,PMO - US,Direct Drop,DDP,Truck,Pre-PQ Process,6/5/2009,21-Jul-09,21-Jul-09,21-Jul-09,ARV,Adult,S. BUYS WHOLESALER,"Stavudine 20mg [Zerit], capsules, 60 Caps",Stavudine,Zerit,Capsule,60,320,1475.2,4.61,0.08,"BMS Meymac, France",True,Weight Captured Separately,Freight Included in Commodity Cost,20mg,2.89
273,2603,110-ZM-T01,Pre-PQ Process,SCMS-42641,ASN-5221,Zambia,PMO - US,Direct Drop,EXW,Air,Pre-PQ Process,6/6/2009,11-Nov-09,29-Oct-09,29-Oct-09,HRDT,HIV test,"Orgenics, Ltd","HIV 1/2, Determine Complete HIV Kit, 100 Tests","HIV 1/2, Determine Complete HIV Kit",Determine,Test kit,100,2000,144000.0,72.0,0.72,Inverness Japan,True,590,5962.58,,310.46
274,2632,105-GY-T01,Pre-PQ Process,SCMS-48690,ASN-4600,Guyana,PMO - US,Direct Drop,CIP,Air,Pre-PQ Process,7/15/2009,7-Aug-09,7-Aug-09,7-Aug-09,ARV,Adult,ABBOTT LABORATORIES (PUERTO RICO),"Lopinavir/Ritonavir 200/50mg [Aluvia], tablets, 120 Tabs",Lopinavir/Ritonavir,Aluvia,Tablet,120,2733,224625.27,82.19,0.68,ABBVIE Ludwigshafen Germany,True,589,314,200/50mg,440.27
275,2647,104-CI-T01,Pre-PQ Process,SCMS-28,ASN-16,Côte d'Ivoire,PMO - US,Direct Drop,EXW,Air,Pre-PQ Process,Date Not Captured,6-Sep-06,6-Sep-06,6-Sep-06,HRDT,HIV test,BIO-RAD LABORATORIES (FRANCE),"#108853** HIV, Genie II HIV-1/HIV-2 Kit, 40 Tests","HIV, Genie II HIV-1/HIV-2 Kit",Genie,Test kit,40,100,7535.0,75.35,1.88,Bio-Rad Laboratories,True,107,1845.74,,
276,2654,106-HT-T01,Pre-PQ Process,SCMS-73,ASN-59,Haiti,PMO - US,Direct Drop,EXW,Air,Pre-PQ Process,Date Not Captured,9-Oct-06,9-Oct-06,9-Oct-06,HRDT,HIV test,"Trinity Biotech, Plc","HIV 1/2, Capillus HIV Kit, 100 Tests","HIV 1/2, Capillus HIV Kit",Capillus,Test kit,100,45,7875.0,175.0,1.75,Not Applicable,True,29,854.34,,
277,2655,108-VN-T01,Pre-PQ Process,SCMS-80,ASN-49,Vietnam,PMO - US,Direct Drop,EXW,Air,Pre-PQ Process,Date Not Captured,1-Sep-06,1-Sep-06,1-Sep-06,ARV,Adult,"GILEAD SCIENCES IRELAND, INC.","Tenofovir Disoproxil Fumarate 300mg [Viread], tablets, 30 Tabs",Tenofovir Disoproxil Fumarate,Viread,Tablet,30,1000,17000.0,17.0,0.57,Gilead(Nycomed) Oranienburg DE,True,61,7682.69,300mg,
278,2656,108-VN-T01,Pre-PQ Process,SCMS-81,ASN-55,Vietnam,PMO - US,Direct Drop,EXW,Air,Pre-PQ Process,Date Not Captured,11-Aug-06,11-Aug-06,11-Aug-06,ARV,Adult,Aurobindo Pharma Limited,"Nevirapine 200mg, tablets, 60 Tabs",Nevirapine,Generic,Tablet,60,35000,152250.0,4.35,0.07,"Aurobindo Unit III, India",False,See ASN-55 (ID#:16),See ASN-55 (ID#:16),200mg,
279,2657,108-VN-T01,Pre-PQ Process,SCMS-81,ASN-55,Vietnam,PMO - US,Direct Drop,EXW,Air,Pre-PQ Process,Date Not Captured,11-Aug-06,11-Aug-06,11-Aug-06,ARV,Adult,Aurobindo Pharma Limited,"Lamivudine/Zidovudine 150/300mg, tablets, 60 Tabs",Lamivudine/Zidovudine,Generic,Tablet - FDC,60,20000,338000.0,16.9,0.28,"Aurobindo Unit III, India",False,See ASN-55 (ID#:16),See ASN-55 (ID#:16),150/300mg,
280,2661,112-NG-T01,Pre-PQ Process,SCMS-87,ASN-57,Nigeria,PMO - US,Direct Drop,EXW,Air,Pre-PQ Process,Date Not Captured,28-Sep-06,28-Sep-06,28-Sep-06,ARV,Pediatric,Aurobindo Pharma Limited,"Lamivudine 10mg/ml, oral solution, Bottle, 240 ml",Lamivudine,Generic,Oral solution,240,416,1809.6,4.35,0.02,"Aurobindo Unit III, India",False,See ASN-57 (ID#:23),See ASN-57 (ID#:23),10mg/ml,
281,2662,112-NG-T01,Pre-PQ Process,SCMS-87,ASN-57,Nigeria,PMO - US,Direct Drop,EXW,Air,Pre-PQ Process,Date Not Captured,28-Sep-06,28-Sep-06,28-Sep-06,ARV,Adult,Aurobindo Pharma Limited,"Lamivudine 150mg, tablets, 60 Tabs",Lamivudine,Generic,Tablet,60,486,2041.2,4.2,0.07,"Aurobindo Unit III, India",False,See ASN-57 (ID#:23),See ASN-57 (ID#:23),150mg,
282,2680,110-ZM-T01,Pre-PQ Process,SCMS-137,ASN-95,Zambia,PMO - US,Direct Drop,EXW,Air,Pre-PQ Process,Date Not Captured,29-Jan-07,29-Jan-07,29-Jan-07,ARV,Pediatric,Aurobindo Pharma Limited,"Abacavir 20mg/ml, oral solution, Bottle, 240 ml",Abacavir,Generic,Oral solution,240,906,19071.3,21.05,0.09,"Aurobindo Unit III, India",True,316,3850.8,20mg/ml,
283,2681,110-ZM-T01,Pre-PQ Process,SCMS-138,ASN-86,Zambia,PMO - US,Direct Drop,EXW,Air,Pre-PQ Process,Date Not Captured,13-Nov-06,13-Nov-06,13-Nov-06,ARV,Adult,Aurobindo Pharma Limited,"Lamivudine/Zidovudine 150/300mg, tablets, 60 Tabs",Lamivudine/Zidovudine,Generic,Tablet - FDC,60,38780,432009.2,11.14,0.19,"Aurobindo Unit III, India",True,3217,14364.29,150/300mg,
284,2683,112-NG-T01,Pre-PQ Process,SCMS-156,ASN-93,Nigeria,PMO - US,Direct Drop,EXW,Air,Pre-PQ Process,Date Not Captured,7-Dec-06,7-Dec-06,7-Dec-06,ARV,Adult,Aurobindo Pharma Limited,"Nevirapine 200mg, tablets, 60 Tabs",Nevirapine,Generic,Tablet,60,4632,16906.8,3.65,0.06,"Aurobindo Unit III, India",False,See ASN-93 (ID#:1281),See ASN-93 (ID#:1281),200mg,
285,2684,112-NG-T01,Pre-PQ Process,SCMS-156,ASN-93,Nigeria,PMO - US,Direct Drop,EXW,Air,Pre-PQ Process,Date Not Captured,7-Dec-06,7-Dec-06,7-Dec-06,ARV,Adult,Aurobindo Pharma Limited,"Stavudine 40mg, capsules, 60 Caps",Stavudine,Generic,Capsule,60,166,356.9,2.15,0.04,"Aurobindo Unit III, India",False,See ASN-93 (ID#:1281),See ASN-93 (ID#:1281),40mg,
286,2685,110-ZM-T01,Pre-PQ Process,SCMS-163,ASN-123,Zambia,PMO - US,Direct Drop,EXW,Air,Pre-PQ Process,Date Not Captured,20-Dec-06,20-Dec-06,20-Dec-06,ARV,Adult,Aurobindo Pharma Limited,"Efavirenz 600mg, tablets, 30 Tabs",Efavirenz,Generic,Tablet,30,60784,1018132.0,16.75,0.56,"Aurobindo Unit III, India",True,11179,49824.57,600mg,
287,2686,108-VN-T01,Pre-PQ Process,SCMS-168,ASN-276,Vietnam,PMO - US,Direct Drop,EXW,Air,Pre-PQ Process,11/14/2006,14-Mar-07,14-Mar-07,14-Mar-07,ARV,Pediatric,Aurobindo Pharma Limited,"Zidovudine 10mg/ml, oral solution, Bottle, 240 ml",Zidovudine,Generic,Oral solution,240,1000,5050.0,5.05,0.02,"Aurobindo Unit III, India",True,3822,25124.12,10mg/ml,
288,2687,108-VN-T01,Pre-PQ Process,SCMS-169,ASN-272,Vietnam,PMO - US,Direct Drop,EXW,Air,Pre-PQ Process,11/15/2006,14-Mar-07,14-Mar-07,14-Mar-07,ARV,Pediatric,CIPLA LIMITED,"Lamivudine 10mg/ml, oral solution, Bottle, 240 ml",Lamivudine,Generic,Oral solution,240,1000,2440.0,2.44,0.01,"Cipla, Goa, India",False,See ASN-272 (ID#:1282),See ASN-272 (ID#:1282),10mg/ml,
289,2705,106-HT-T01,Pre-PQ Process,SCMS-276,ASN-194,Haiti,PMO - US,Direct Drop,EXW,Air,Pre-PQ Process,Date Not Captured,7-Feb-07,7-Feb-07,7-Feb-07,HRDT,HIV test,Orasure Technologies Inc.,"HIV 1/2, OraQuick Advance HIV Rapid Antibody Kit, 100 Tests","HIV 1/2, OraQuick Advance HIV Rapid Antibody Kit",OraQuick,Test kit,100,25,10000.0,400.0,4.0,"Pacific Biotech, Thailand",True,60,1498.02,,
290,2708,108-VN-T01,Pre-PQ Process,SCMS-313,ASN-542,Vietnam,PMO - US,Direct Drop,EXW,Air,Pre-PQ Process,2/7/2007,9-Jul-07,9-Jul-07,9-Jul-07,ARV,Adult,CIPLA LIMITED,"Lamivudine/Nevirapine/Stavudine 150/200/30mg, tablets, 60 Tabs",Lamivudine/Nevirapine/Stavudine,Generic,Tablet - FDC,60,25000,187500.0,7.5,0.12,"Cipla, Goa, India",True,2336,21150.56,150/200/30mg,300.0
291,2721,110-ZM-T01,Pre-PQ Process,SCMS-416,ASN-465,Zambia,PMO - US,Direct Drop,CIP,Air,Pre-PQ Process,3/8/2007,6-Jun-07,6-Jun-07,6-Jun-07,ARV,Pediatric,BRISTOL-MYERS SQUIBB,"Didanosine 100mg [Videx],chewable tablets, 60 Tabs",Didanosine,Videx,Chewable/dispersible tablet,60,5408,68952.0,12.75,0.21,"BMS Meymac, France",True,1072,Freight Included in Commodity Cost,100mg,
292,2733,104-CI-T01,Pre-PQ Process,SCMS-593,ASN-452,Côte d'Ivoire,PMO - US,Direct Drop,EXW,Air,Pre-PQ Process,5/1/2007,28-Jun-07,28-Jun-07,28-Jun-07,HRDT,HIV test,Orasure Technologies Inc.,"HIV 1/2, OraQuick Advance HIV Rapid Antibody Kit, 100 Tests","HIV 1/2, OraQuick Advance HIV Rapid Antibody Kit",OraQuick,Test kit,100,50,20000.0,400.0,4.0,"Pacific Biotech, Thailand",True,120,3004.62,,
293,2740,102-NG-T01,Pre-PQ Process,SCMS-687,ASN-544,Nigeria,PMO - US,Direct Drop,EXW,Air,Pre-PQ Process,6/8/2007,10-Jul-07,10-Jul-07,10-Jul-07,HRDT,HIV test,"CHEMBIO DIAGNOSTIC SYSTEMS, INC.","HIV 1/2, Stat-Pak HIV, Kit, 20 Tests","HIV 1/2, Stat-Pak HIV, Kit",Stat-Pak,Test kit,20,10000,270000.0,27.0,1.35,Chembio Diagnostics Sys. Inc.,True,3045,28118.58,,432.0
294,2741,102-NG-T01,Pre-PQ Process,SCMS-687,ASN-587,Nigeria,PMO - US,Direct Drop,EXW,Air,Pre-PQ Process,6/8/2007,10-Jul-07,3-Aug-07,3-Aug-07,HRDT,HIV test,"CHEMBIO DIAGNOSTIC SYSTEMS, INC.","HIV 1/2, Stat-Pak HIV, Kit, 20 Tests","HIV 1/2, Stat-Pak HIV, Kit",Stat-Pak,Test kit,20,11500,310500.0,27.0,1.35,Chembio Diagnostics Sys. Inc.,True,3276,43664.71,,496.8
295,2756,102-NG-T01,Pre-PQ Process,SCMS-599,ASN-522,Nigeria,PMO - US,Direct Drop,EXW,Air,Pre-PQ Process,6/21/2007,4-Jul-07,4-Jul-07,4-Jul-07,HRDT,HIV test,"CHEMBIO DIAGNOSTIC SYSTEMS, INC.","HIV 1/2, Stat-Pak HIV, Kit, 20 Tests","HIV 1/2, Stat-Pak HIV, Kit",Stat-Pak,Test kit,20,8000,216000.0,27.0,1.35,Chembio Diagnostics Sys. Inc.,True,2603,22838.29,,345.6
296,2765,108-VN-T01,Pre-PQ Process,SCMS-749,ASN-737,Vietnam,PMO - US,Direct Drop,EXW,Air,Pre-PQ Process,7/3/2007,2-Oct-07,2-Oct-07,2-Oct-07,ARV,Adult,Aurobindo Pharma Limited,"Efavirenz 600mg, tablets, 30 Tabs",Efavirenz,Generic,Tablet,30,22500,277425.0,12.33,0.41,"Aurobindo Unit III, India",True,2895,18045.24,600mg,443.88
297,2766,108-VN-T01,Pre-PQ Process,SCMS-749,ASN-744,Vietnam,PMO - US,Direct Drop,EXW,Air,Pre-PQ Process,7/3/2007,2-Oct-07,2-Oct-07,2-Oct-07,ARV,Pediatric,Aurobindo Pharma Limited,"Lamivudine 10mg/ml, oral solution, Bottle, 240 ml",Lamivudine,Generic,Oral solution,240,500,950.0,1.9,0.01,"Aurobindo Unit III, India",False,See ASN-744 (ID#:1356),See ASN-744 (ID#:1356),10mg/ml,1.52
298,2767,108-VN-T01,Pre-PQ Process,SCMS-752,ASN-884,Vietnam,PMO - US,Direct Drop,CIP,Air,Pre-PQ Process,7/3/2007,8-Nov-07,8-Nov-07,8-Nov-07,ARV,Pediatric,BRISTOL-MYERS SQUIBB,"Didanosine 25mg [Videx], chewable tablets, 60 Tabs",Didanosine,Videx,Chewable/dispersible tablet,60,800,5600.0,7.0,0.12,"BMS Meymac, France",True,161,2514.05,25mg,8.96
299,2785,108-VN-T01,Pre-PQ Process,SCMS-10060,ASN-639,Vietnam,PMO - US,Direct Drop,FCA,Air,Pre-PQ Process,7/20/2007,10-Sep-07,10-Sep-07,10-Sep-07,ARV,Pediatric,ABBVIE LOGISTICS (FORMERLY ABBOTT LOGISTICS BV),"Lopinavir/Ritonavir 80/20mg/ml [Kaletra], oral solution, cool, Bottle 5 x 60 ml",Lopinavir/Ritonavir,Kaletra,Oral solution,300,200,16440.0,82.2,0.27,ABBVIE (Abbott) Logis. UK,True,340,2326.1,80/20mg/ml,26.3
300,2794,109-TZ-T01,Pre-PQ Process,SCMS-10310,ASN-893,Tanzania,PMO - US,Direct Drop,EXW,Air,Pre-PQ Process,Date Not Captured,19-Dec-07,19-Dec-07,19-Dec-07,HRDT,HIV test,"Standard Diagnostics, Inc.","HIV 1/2, Bioline 3.0 Kit, Lancets, Capillary pipets, Alcohol swabs included, 25 Tests","HIV 1/2, Bioline 3.0 Kit, Lancets, Capillary pipets, Alcohol swabs included",Bioline,Test kit,25,10000,200000.0,20.0,0.8,"Standard Diagnostics, Korea",True,3336,27791.62,,320.0
301,2795,109-TZ-T01,Pre-PQ Process,SCMS-10320,ASN-1114,Tanzania,PMO - US,Direct Drop,EXW,Air,Pre-PQ Process,8/15/2007,22-Jan-08,22-Jan-08,22-Jan-08,HRDT,HIV test,"Standard Diagnostics, Inc.","HIV 1/2, Bioline 3.0 Kit, Lancets, Capillary pipets, Alcohol swabs included, 25 Tests","HIV 1/2, Bioline 3.0 Kit, Lancets, Capillary pipets, Alcohol swabs included",Bioline,Test kit,25,5000,100000.0,20.0,0.8,"Standard Diagnostics, Korea",True,1456,14505.37,,160.0
302,2796,119-NA-T01,Pre-PQ Process,SCMS-10360,ASN-658,Namibia,PMO - US,Direct Drop,EXW,Air,Pre-PQ Process,7/31/2007,29-Aug-07,29-Aug-07,29-Aug-07,HRDT,HIV test,"Orgenics, Ltd","HIV 1/2, Clearview Complete Kit, 25 Tests","HIV 1/2, Clearview Complete Kit",Clearview,Test kit,25,150,11250.0,75.0,3.0,Not Applicable,True,Weight Captured Separately,Invoiced Separately,,18.0
303,2808,117-ET-T01,Pre-PQ Process,SCMS-11071,ASN-1039,Ethiopia,PMO - US,Direct Drop,EXW,Air,Pre-PQ Process,10/3/2007,20-Nov-07,24-Dec-07,24-Dec-07,ARV,Adult,Aurobindo Pharma Limited,"Stavudine 30mg, capsules, 60 Caps",Stavudine,Generic,Capsule,60,35065,54350.75,1.55,0.03,"Aurobindo Unit III, India",True,2318,6755.81,30mg,86.96
304,2823,102-GY-T01,Pre-PQ Process,SCMS-11670,ASN-967,Guyana,PMO - US,Direct Drop,EXW,Air,Pre-PQ Process,8/28/2007,3-Dec-07,3-Dec-07,3-Dec-07,HRDT,HIV test,"Trinity Biotech, Plc","HIV 1/2, Uni-Gold HIV Kit, 20 Tests","HIV 1/2, Uni-Gold HIV Kit",Uni-Gold,Test kit,20,2220,71040.0,32.0,1.6,"Trinity Biotech, Plc",True,732,6524.19,,113.66
305,2892,114-UG-T01,Pre-PQ Process,SCMS-13510,ASN-1483,Uganda,PMO - US,Direct Drop,CIP,Air,Pre-PQ Process,10/3/2007,31-Mar-08,31-Mar-08,31-Mar-08,ARV,Adult,BRISTOL-MYERS SQUIBB,"Didanosine EC 400mg [Videx EC], delayed-release capsules, Blister 3 x 10 Caps",Didanosine EC,Videx EC,Delayed-release capsules - blister,30,140,3313.8,23.67,0.79,"BMS Meymac, France",True,6,Freight Included in Commodity Cost,400mg,5.3
306,2921,116-ZA-T01,Pre-PQ Process,SCMS-14050,ASN-1251,South Africa,PMO - US,Direct Drop,DDP,,Pre-PQ Process,11/12/2007,29-Jan-08,29-Jan-08,29-Jan-08,ARV,Pediatric,"JSI R&T INSTITUTE, INC.","Lamivudine 10mg/ml [Epivir], oral solution, Bottle, 240 ml",Lamivudine,Epivir,Oral solution,240,500,3630.0,7.26,0.03,GSK Mississauga (Canada),False,Weight Captured Separately,Freight Included in Commodity Cost,10mg/ml,5.81
307,2922,116-ZA-T01,Pre-PQ Process,SCMS-14050,ASN-1251,South Africa,PMO - US,Direct Drop,DDP,,Pre-PQ Process,11/12/2007,29-Jan-08,29-Jan-08,29-Jan-08,ARV,Adult,"JSI R&T INSTITUTE, INC.","Tenofovir Disoproxil Fumarate 300mg [Viread], tablets, 30 Tabs",Tenofovir Disoproxil Fumarate,Viread,Tablet,30,20,535.2,26.76,0.89,"Aspen-OSD, Port Elizabeth, SA",False,Weight Captured Separately,Freight Included in Commodity Cost,300mg,0.86
308,2923,116-ZA-T01,Pre-PQ Process,SCMS-14050,ASN-1251,South Africa,PMO - US,Direct Drop,DDP,,Pre-PQ Process,11/12/2007,29-Jan-08,29-Jan-08,29-Jan-08,ARV,Adult,"JSI R&T INSTITUTE, INC.","Emtricitabine/Tenofovir Disoproxil Fumarate 200/300mg [Truvada], tablets, 30 Tabs",Emtricitabine/Tenofovir Disoproxil Fumarate,Truvada,Tablet - FDC,30,10,443.0,44.3,1.48,"Aspen-OSD, Port Elizabeth, SA",False,Weight Captured Separately,Freight Included in Commodity Cost,300/200mg,0.71
309,2927,107-RW-T01,Pre-PQ Process,SCMS-14140,ASN-1028,Rwanda,PMO - US,Direct Drop,EXW,Air,Pre-PQ Process,11/16/2007,10-Jan-08,10-Jan-08,10-Jan-08,HRDT,HIV test,"Trinity Biotech, Plc","HIV 1/2, Uni-Gold HIV Kit, 20 Tests","HIV 1/2, Uni-Gold HIV Kit",Uni-Gold,Test kit,20,4500,144000.0,32.0,1.6,"Trinity Biotech, Plc",True,2300,38425.29,,230.4
310,2960,100-HT-T01,Pre-PQ Process,SCMS-15460,ASN-2258,Haiti,PMO - US,Direct Drop,EXW,Air,Pre-PQ Process,Date Not Captured,22-Aug-08,22-Aug-08,22-Aug-08,HRDT,HIV test,"Trinity Biotech, Plc","HIV 1/2, Capillus HIV Kit, 100 Tests","HIV 1/2, Capillus HIV Kit",Capillus,Test kit,100,2,278.0,139.0,1.39,"Trinity Biotech, Plc",True,Weight Captured Separately,Invoiced Separately,,0.44
311,2965,100-HT-T01,Pre-PQ Process,SCMS-15880,ASN-1301,Haiti,PMO - US,Direct Drop,EXW,Air,Pre-PQ Process,1/3/2008,27-Feb-08,18-Feb-08,18-Feb-08,HRDT,HIV test,"Trinity Biotech, Plc","HIV 1/2, Capillus HIV Kit, 100 Tests","HIV 1/2, Capillus HIV Kit",Capillus,Test kit,100,4,556.0,139.0,1.39,"Trinity Biotech, Plc",True,Weight Captured Separately,Invoiced Separately,,0.89
312,2993,116-ZA-T01,Pre-PQ Process,SCMS-16600,ASN-1520,South Africa,PMO - US,Direct Drop,DDP,,Pre-PQ Process,1/4/2008,21-Jan-08,4-Jan-08,4-Jan-08,ARV,Pediatric,"JSI R&T INSTITUTE, INC.","Efavirenz 50mg [Stocrin/Sustiva], capsule, 30 Caps",Efavirenz,Stocrin/Sustiva,Capsule,30,200,696.0,3.48,0.12,"MSD Midrand, J'burg, SA",False,Weight Captured Separately,Freight Included in Commodity Cost,50mg,1.11
313,2994,116-ZA-T01,Pre-PQ Process,SCMS-16600,ASN-1520,South Africa,PMO - US,Direct Drop,DDP,,Pre-PQ Process,1/4/2008,21-Jan-08,4-Jan-08,4-Jan-08,ARV,Adult,"JSI R&T INSTITUTE, INC.","Efavirenz 600mg [Stocrin/Sustiva], tablets, 30 Tabs",Efavirenz,Stocrin/Sustiva,Tablet,30,1200,23808.0,19.84,0.66,"MSD Midrand, J'burg, SA",False,Weight Captured Separately,Freight Included in Commodity Cost,600mg,38.09
314,2995,116-ZA-T01,Pre-PQ Process,SCMS-16600,ASN-1520,South Africa,PMO - US,Direct Drop,DDP,,Pre-PQ Process,1/4/2008,21-Jan-08,4-Jan-08,4-Jan-08,ARV,Adult,"JSI R&T INSTITUTE, INC.","Emtricitabine/Tenofovir Disoproxil Fumarate 200/300mg [Truvada], tablets, 30 Tabs",Emtricitabine/Tenofovir Disoproxil Fumarate,Truvada,Tablet - FDC,30,30,1271.1,42.37,1.41,"Aspen-OSD, Port Elizabeth, SA",False,Weight Captured Separately,Freight Included in Commodity Cost,300/200mg,2.03
315,2996,116-ZA-T01,Pre-PQ Process,SCMS-16600,ASN-1520,South Africa,PMO - US,Direct Drop,DDP,,Pre-PQ Process,1/4/2008,21-Jan-08,4-Jan-08,4-Jan-08,ARV,Adult,"JSI R&T INSTITUTE, INC.","Ritonavir 100mg [Norvir], capsules, cool, 84 Caps",Ritonavir,Norvir,Capsule,84,3,32.31,10.77,0.13,ABBVIE (Abbott) Logis. UK,False,Weight Captured Separately,Freight Included in Commodity Cost,100mg,0.05
316,3007,104-CI-T01,Pre-PQ Process,SCMS-16740,ASN-1492,Côte d'Ivoire,PMO - US,Direct Drop,CIP,Air,Pre-PQ Process,1/24/2008,8-Apr-08,8-Apr-08,8-Apr-08,ARV,Pediatric,BRISTOL-MYERS SQUIBB,"Didanosine 25mg [Videx], chewable tablets, 60 Tabs",Didanosine,Videx,Chewable/dispersible tablet,60,546,3822.0,7.0,0.12,"BMS Meymac, France",True,108,Freight Included in Commodity Cost,25mg,6.12
317,3008,102-NG-T01,Pre-PQ Process,SCMS-16890,ASN-2359,Nigeria,PMO - US,Direct Drop,EXW,Air,Pre-PQ Process,1/29/2008,19-Sep-08,19-Sep-08,19-Sep-08,HRDT,HIV test,"CHEMBIO DIAGNOSTIC SYSTEMS, INC.","HIV 1/2, Stat-Pak HIV, Kit, 20 Tests","HIV 1/2, Stat-Pak HIV, Kit",Stat-Pak,Test kit,20,9048,244296.0,27.0,1.35,Chembio Diagnostics Sys. Inc.,True,2985,20635.3,,390.87
318,3009,102-NG-T01,Pre-PQ Process,SCMS-16900,ASN-1381,Nigeria,PMO - US,Direct Drop,EXW,Air,Pre-PQ Process,1/29/2008,12-Mar-08,10-Mar-08,10-Mar-08,HRDT,HIV test,"Orgenics, Ltd","HIV 1/2, Determine HIV Kit, without Lancets, 100 Tests","HIV 1/2, Determine HIV Kit, without Lancets",Determine,Test kit,100,3000,239970.0,79.99,0.8,Inverness Japan,True,861,12770.05,,383.95
319,3010,102-NG-T01,Pre-PQ Process,SCMS-16900,ASN-1411,Nigeria,PMO - US,Direct Drop,EXW,Air,Pre-PQ Process,1/29/2008,12-Mar-08,12-Mar-08,12-Mar-08,HRDT,HIV test,"Orgenics, Ltd","HIV 1/2, Determine HIV Kit, without Lancets, 100 Tests","HIV 1/2, Determine HIV Kit, without Lancets",Determine,Test kit,100,3199,255888.01,79.99,0.8,Inverness Japan,True,550,8213.59,,409.42
320,3026,116-ZA-T01,Pre-PQ Process,SCMS-17630,ASN-1532,South Africa,PMO - US,Direct Drop,DDP,Truck,Pre-PQ Process,1/21/2008,5-Feb-08,21-Jan-08,21-Jan-08,ARV,Adult,"JSI R&T INSTITUTE, INC.","Didanosine EC 250mg [Videx EC], delayed-release capsules, Blister 3 x 10 Caps",Didanosine EC,Videx EC,Delayed-release capsules - blister,30,400,8416.0,21.04,0.7,"BMS Meymac, France",True,Weight Captured Separately,Freight Included in Commodity Cost,250mg,13.47
321,3037,117-ET-T01,Pre-PQ Process,SCMS-17940,ASN-1405,Ethiopia,PMO - US,Direct Drop,CIP,Air,Pre-PQ Process,2/20/2008,27-Feb-08,27-Feb-08,27-Feb-08,HRDT,HIV test,SUB-SAHARAN BIOMEDICAL P.L.C.,"HIV 1/2, Determine Complete HIV Kit, 100 Tests","HIV 1/2, Determine Complete HIV Kit",Determine,Test kit,100,805,62967.1,78.22,0.78,Inverness Japan,True,Weight Captured Separately,Freight Included in Commodity Cost,,100.75
322,3039,111-MZ-T01,Pre-PQ Process,SCMS-18060,ASN-1651,Mozambique,PMO - US,Direct Drop,EXW,Air,Pre-PQ Process,2/25/2008,13-Jun-08,13-Jun-08,13-Jun-08,HRDT,HIV test - Ancillary,"Orgenics, Ltd","HIV, Lancet, Safety, for HIV Test kits, 100 Pcs","HIV, Lancet, Safety, for HIV Test kits, 100 Pcs",Generic,Test kit - Ancillary,100,4200,42.0,0.01,0.0,Inverness Japan,True,Weight Captured Separately,Invoiced Separately,,0.07
323,3040,110-ZM-T01,Pre-PQ Process,SCMS-18070,ASN-1576,Zambia,PMO - US,Direct Drop,EXW,Air,Pre-PQ Process,2/25/2008,22-Apr-08,5-May-08,5-May-08,HRDT,HIV test,"Orgenics, Ltd","HIV 1/2, Determine HIV Kit, without Lancets, 100 Tests","HIV 1/2, Determine HIV Kit, without Lancets",Determine,Test kit,100,2000,143980.0,71.99,0.72,Inverness Japan,True,455,4113.16,,230.37
324,3049,104-CI-T01,Pre-PQ Process,SCMS-18420,ASN-1468,Côte d'Ivoire,PMO - US,Direct Drop,EXW,Air,Pre-PQ Process,2/28/2008,8-Apr-08,8-Apr-08,8-Apr-08,HRDT,HIV test,"Orgenics, Ltd","HIV 1/2, Determine HIV Kit, without Lancets, 100 Tests","HIV 1/2, Determine HIV Kit, without Lancets",Determine,Test kit,100,70,5039.3,71.99,0.72,Inverness Japan,True,16,515.48,,8.06
325,3050,104-CI-T01,Pre-PQ Process,SCMS-18440,ASN-1563,Côte d'Ivoire,PMO - US,Direct Drop,EXW,Air,Pre-PQ Process,2/28/2008,25-Apr-08,25-Apr-08,25-Apr-08,HRDT,HIV test,"Orgenics, Ltd","HIV 1/2, Determine HIV Kit, without Lancets, 100 Tests","HIV 1/2, Determine HIV Kit, without Lancets",Determine,Test kit,100,1116,78120.0,70.0,0.7,Inverness Japan,True,255,5303.05,,124.99
326,3055,114-UG-T01,Pre-PQ Process,SCMS-18750,ASN-1611,Uganda,PMO - US,Direct Drop,EXW,Air,Pre-PQ Process,3/11/2008,22-May-08,22-May-08,22-May-08,HRDT,HIV test,"Orgenics, Ltd","HIV 1/2, Determine HIV Kit, without Lancets, 100 Tests","HIV 1/2, Determine HIV Kit, without Lancets",Determine,Test kit,100,850,61191.5,71.99,0.72,Inverness Japan,True,194,2642.45,,97.91
327,3080,116-ZA-T01,Pre-PQ Process,SCMS-19800,ASN-1664,South Africa,PMO - US,Direct Drop,DDP,Truck,Pre-PQ Process,2/20/2008,24-Apr-08,29-Feb-08,29-Feb-08,ARV,Pediatric,S. BUYS WHOLESALER,"Efavirenz 200mg [Stocrin/Sustiva], capsule, 90 Caps",Efavirenz,Stocrin/Sustiva,Capsule,90,20,563.0,28.15,0.31,"MSD Midrand, J'burg, SA",True,Weight Captured Separately,Freight Included in Commodity Cost,200mg,0.9
328,3081,116-ZA-T01,Pre-PQ Process,SCMS-19800,ASN-1665,South Africa,PMO - US,Direct Drop,DDP,Truck,Pre-PQ Process,2/20/2008,24-Apr-08,24-Apr-08,24-Apr-08,ARV,Adult,S. BUYS WHOLESALER,"Efavirenz 600mg, tablets, 30 Tabs",Efavirenz,Generic,Tablet,30,2500,37500.0,15.0,0.5,"Cipla, Goa, India",False,Weight Captured Separately,Freight Included in Commodity Cost,600mg,60.0
329,3094,108-VN-T01,Pre-PQ Process,SCMS-20181,ASN-2023,Vietnam,PMO - US,Direct Drop,EXW,Air,Pre-PQ Process,3/31/2008,7-Jul-08,7-Jul-08,7-Jul-08,ARV,Adult,Aurobindo Pharma Limited,"Abacavir 300mg, tablets, 60 Tabs",Abacavir,Generic,Tablet,60,520,13000.0,25.0,0.42,"Aurobindo Unit III, India",True,137,5260.46,300mg,20.8
330,3096,108-VN-T01,Pre-PQ Process,SCMS-20430,ASN-1887,Vietnam,PMO - US,Direct Drop,EXW,Air,Pre-PQ Process,3/31/2008,17-Jun-08,17-Jun-08,17-Jun-08,ARV,Adult,STRIDES ARCOLAB LIMITED,"Stavudine 30mg, capsules, 60 Caps",Stavudine,Generic,Capsule,60,2576,3889.76,1.51,0.03,"Strides, Bangalore, India.",True,121,2789.74,30mg,6.22
331,3097,108-VN-T01,Pre-PQ Process,SCMS-20450,ASN-1888,Vietnam,PMO - US,Direct Drop,EXW,Air,Pre-PQ Process,3/31/2008,20-Jun-08,20-Jun-08,20-Jun-08,ARV,Adult,STRIDES ARCOLAB LIMITED,"Stavudine 30mg, capsules, 60 Caps",Stavudine,Generic,Capsule,60,2464,3720.64,1.51,0.03,"Strides, Bangalore, India.",True,114,2879.96,30mg,5.95
332,3152,102-BW-T01,Pre-PQ Process,SCMS-22730,ASN-1956,Botswana,PMO - US,Direct Drop,EXW,Air,Pre-PQ Process,4/28/2008,31-Jul-08,31-Jul-08,31-Jul-08,HRDT,HIV test,"Orgenics, Ltd","HIV 1/2, Determine HIV Kit, without Lancets, 100 Tests","HIV 1/2, Determine HIV Kit, without Lancets",Determine,Test kit,100,100,7199.0,71.99,0.72,Inverness Japan,True,25,641.04,,11.52
333,3153,102-BW-T01,Pre-PQ Process,SCMS-22730,ASN-1939,Botswana,PMO - US,Direct Drop,EXW,Air,Pre-PQ Process,4/28/2008,31-Jul-08,7-Jul-08,7-Jul-08,HRDT,HIV test - Ancillary,"Orgenics, Ltd","HIV, Lancet, Safety, for HIV Test kits, 100 Pcs","HIV, Lancet, Safety, for HIV Test kits, 100 Pcs",Generic,Test kit - Ancillary,100,100,1.0,0.01,0.0,Inverness Japan,True,Weight Captured Separately,Invoiced Separately,,0.0
334,3154,102-BW-T01,Pre-PQ Process,SCMS-22770,ASN-2234,Botswana,PMO - US,Direct Drop,EXW,Air,Pre-PQ Process,4/28/2008,20-Jan-09,3-Sep-08,3-Sep-08,HRDT,HIV test,"Orgenics, Ltd","HIV 1/2, Determine HIV Kit, without Lancets, 100 Tests","HIV 1/2, Determine HIV Kit, without Lancets",Determine,Test kit,100,100,7199.0,71.99,0.72,Inverness Japan,True,25,1038.39,,11.52
335,3159,117-ET-T01,Pre-PQ Process,SCMS-22810,ASN-2096,Ethiopia,PMO - US,Direct Drop,DDP,Air,Pre-PQ Process,4/28/2008,1-Jul-08,1-Jul-08,1-Jul-08,HRDT,HIV test,SETEMA LIMITED PLC,"HIV 1/2, Stat-Pak HIV, Kit, 20 Tests","HIV 1/2, Stat-Pak HIV, Kit",Stat-Pak,Test kit,20,81,3798.09,46.89,2.34,Chembio Diagnostics Sys. Inc.,True,Weight Captured Separately,Freight Included in Commodity Cost,,6.08
336,3191,116-ZA-T01,Pre-PQ Process,SCMS-23500,ASN-2300,South Africa,PMO - US,Direct Drop,DDP,Truck,Pre-PQ Process,Date Not Captured,20-Aug-08,14-May-08,14-May-08,ARV,Adult,S. BUYS WHOLESALER,"Ritonavir 100mg [Norvir], capsules, cool, 84 Caps",Ritonavir,Norvir,Capsule,84,4,38.88,9.72,0.12,ABBVIE (Abbott) Logis. UK,False,Weight Captured Separately,Freight Included in Commodity Cost,100mg,0.06
337,3192,116-ZA-T01,Pre-PQ Process,SCMS-23500,ASN-2293,South Africa,PMO - US,Direct Drop,DDP,Truck,Pre-PQ Process,Date Not Captured,20-Aug-08,8-May-08,8-May-08,ARV,Adult,S. BUYS WHOLESALER,"Nevirapine 200mg, tablets, 60 Tabs",Nevirapine,Generic,Tablet,60,150,3166.5,21.11,0.35,"Cipla, Goa, India",False,Weight Captured Separately,Freight Included in Commodity Cost,200mg,5.07
338,3193,116-ZA-T01,Pre-PQ Process,SCMS-23500,ASN-2293,South Africa,PMO - US,Direct Drop,DDP,Truck,Pre-PQ Process,Date Not Captured,20-Aug-08,8-May-08,8-May-08,ARV,Adult,S. BUYS WHOLESALER,"Stavudine 30mg [Zerit], capsules, 60 Caps",Stavudine,Zerit,Capsule,60,1350,6979.5,5.17,0.09,"BMS Meymac, France",False,Weight Captured Separately,Freight Included in Commodity Cost,30mg,11.17
339,3202,106-HT-T01,Pre-PQ Process,SCMS-24060,ASN-2800,Haiti,PMO - US,Direct Drop,EXW,Air,Pre-PQ Process,5/23/2008,17-Nov-08,17-Nov-08,17-Nov-08,HRDT,HIV test,"Orgenics, Ltd","HIV 1/2, Determine HIV Kit, without Lancets, 100 Tests","HIV 1/2, Determine HIV Kit, without Lancets",Determine,Test kit,100,1123,78610.0,70.0,0.7,Inverness Japan,True,257,2873.56,,154.08
340,3245,110-ZM-T01,Pre-PQ Process,SCMS-25790,ASN-2399,Zambia,PMO - US,Direct Drop,EXW,Air,Pre-PQ Process,6/20/2008,26-Sep-08,26-Sep-08,26-Sep-08,HRDT,HIV test,"Trinity Biotech, Plc","HIV 1/2, Uni-Gold HIV Kit, 20 Tests","HIV 1/2, Uni-Gold HIV Kit",Uni-Gold,Test kit,20,9000,288000.0,32.0,1.6,"Trinity Biotech, Plc",True,3000,34902.96,,460.8
341,3261,108-VN-T01,Pre-PQ Process,SCMS-26380,ASN-2338,Vietnam,PMO - US,Direct Drop,EXW,Air,Pre-PQ Process,7/1/2008,20-Sep-08,20-Sep-08,20-Sep-08,ARV,Adult,MYLAN LABORATORIES LTD (FORMERLY MATRIX LABORATORIES),"Tenofovir Disoproxil Fumarate 300mg, tablets, 30 Tabs",Tenofovir Disoproxil Fumarate,Generic,Tablet,30,2016,24917.76,12.36,0.41,Mylan (formerly Matrix) Nashik,True,120,5921.97,300mg,39.87
342,3282,116-ZA-T01,Pre-PQ Process,SCMS-26820,ASN-2488,South Africa,PMO - US,Direct Drop,DDP,Truck,Pre-PQ Process,Date Not Captured,10-Jul-08,8-Jul-08,8-Jul-08,ARV,Adult,S. BUYS WHOLESALER,"Efavirenz 600mg, tablets, 30 Tabs",Efavirenz,Generic,Tablet,30,1000,16190.0,16.19,0.54,"Cipla, Goa, India",False,Weight Captured Separately,Freight Included in Commodity Cost,600mg,25.9
343,3292,133-NG-T01,Pre-PQ Process,SCMS-27050,ASN-2572,Nigeria,PMO - US,Direct Drop,EXW,Air,Pre-PQ Process,7/18/2008,7-Nov-08,21-Oct-08,21-Oct-08,HRDT,HIV test,"CHEMBIO DIAGNOSTIC SYSTEMS, INC.","HIV 1/2, Stat-Pak HIV, Kit, 20 Tests","HIV 1/2, Stat-Pak HIV, Kit",Stat-Pak,Test kit,20,12315,332505.0,27.0,1.35,Chembio Diagnostics Sys. Inc.,True,3508,29954.15,,532.01
344,3294,114-UG-T01,Pre-PQ Process,SCMS-27190,ASN-2391,Uganda,PMO - US,Direct Drop,CIP,Air,Pre-PQ Process,7/18/2008,9-Sep-08,9-Sep-08,9-Sep-08,ARV,Adult,BRISTOL-MYERS SQUIBB,"Didanosine EC 400mg [Videx EC], delayed-release capsules, Blister 3 x 10 Caps",Didanosine EC,Videx EC,Delayed-release capsules - blister,30,50,1183.5,23.67,0.79,"BMS Meymac, France",True,2,330,400mg,1.89
345,3302,108-VN-T01,Pre-PQ Process,SCMS-27370,ASN-2806,Vietnam,PMO - US,Direct Drop,EXW,Air,Pre-PQ Process,7/24/2008,29-Nov-08,29-Nov-08,29-Nov-08,ARV,Adult,CIPLA LIMITED,"Lamivudine/Nevirapine/Stavudine 150/200/30mg, tablets, 60 Tabs",Lamivudine/Nevirapine/Stavudine,Generic,Tablet - FDC,60,1440,10440.0,7.25,0.12,"Cipla, Goa, India",True,128,2147.61,150/200/30mg,20.46
346,3313,110-ZM-T01,Pre-PQ Process,SCMS-27790,ASN-2641,Zambia,PMO - US,Direct Drop,EXW,Air,Pre-PQ Process,7/31/2008,20-Oct-08,20-Oct-08,20-Oct-08,HRDT,HIV test - Ancillary,"Orgenics, Ltd","HIV, Lancet, Safety, for HIV Test kits, 100 Pcs","HIV, Lancet, Safety, for HIV Test kits, 100 Pcs",Generic,Test kit - Ancillary,100,4500,45.0,0.01,0.0,Inverness Japan,False,See ASN-2641 (ID#:670),See ASN-2641 (ID#:670),,0.09
347,3354,117-ET-T01,Pre-PQ Process,SCMS-28690,ASN-2840,Ethiopia,PMO - US,Direct Drop,EXW,Air,Pre-PQ Process,8/22/2008,17-Nov-08,17-Nov-08,17-Nov-08,HRDT,HIV test,"SHANGHAI KEHUA BIOENGINEERING CO.,LTD.  (KHB)","HIV 1/2, SKB Colloidal Gold, Diagnostic Kit, Antibody, 50 Tests","HIV 1/2, Colloidal Gold, Diagnostic Kit, Antibody",Colloidal Gold,Test kit,1,6998,160954.0,23.0,23.0,"KHB Test Kit Facility, Shanghai China",True,4913,46117.09,,315.47
348,3357,116-ZA-T01,Pre-PQ Process,SCMS-28830,ASN-2502,South Africa,PMO - US,Direct Drop,DDP,Truck,Pre-PQ Process,Date Not Captured,25-Aug-08,18-Aug-08,18-Aug-08,ARV,Pediatric,S. BUYS WHOLESALER,"Zidovudine 10mg/ml [Retrovir], oral solution, Bottle, 200 ml",Zidovudine,Retrovir,Oral solution,200,60,360.6,6.01,0.03,GSK Mississauga (Canada),True,Weight Captured Separately,Freight Included in Commodity Cost,10mg/ml,0.58
349,3358,116-ZA-T01,Pre-PQ Process,SCMS-28830,ASN-2503,South Africa,PMO - US,Direct Drop,DDP,Truck,Pre-PQ Process,Date Not Captured,25-Aug-08,14-Aug-08,14-Aug-08,ARV,Adult,S. BUYS WHOLESALER,"Stavudine 40mg [Zerit], capsules, 60 Caps",Stavudine,Zerit,Capsule,60,130,644.8,4.96,0.08,"BMS Meymac, France",False,Weight Captured Separately,Freight Included in Commodity Cost,40mg,1.03
350,3359,116-ZA-T01,Pre-PQ Process,SCMS-28830,ASN-2502,South Africa,PMO - US,Direct Drop,DDP,Truck,Pre-PQ Process,Date Not Captured,25-Aug-08,18-Aug-08,18-Aug-08,ARV,Adult,S. BUYS WHOLESALER,"Abacavir 300mg [Ziagen], tablets, Blister 6 x 10 Tabs",Abacavir,Ziagen,Tablet - blister,60,40,1337.2,33.43,0.56,GSK Ware (UK),False,Weight Captured Separately,Freight Included in Commodity Cost,300mg,2.14
351,3360,119-NA-T01,Pre-PQ Process,SCMS-28850,ASN-2513,Namibia,PMO - US,Direct Drop,EXW,Air,Pre-PQ Process,8/26/2008,25-Sep-08,25-Sep-08,25-Sep-08,HRDT,HIV test,"Orgenics, Ltd","HIV 1/2, Clearview Complete Kit, 25 Tests","HIV 1/2, Clearview Complete Kit",Clearview,Test kit,25,1,75.0,75.0,3.0,Inverness Japan,True,Weight Captured Separately,Invoiced Separately,,0.12
352,3375,104-CI-T01,Pre-PQ Process,SCMS-29340,ASN-2921,Côte d'Ivoire,PMO - US,Direct Drop,EXW,Air,Pre-PQ Process,9/3/2008,23-Jan-09,23-Jan-09,23-Jan-09,ACT,ACT,IDA FOUNDATION,"Artesunate+Amodiaquine 50+153mg, tablets, co-blister 6+6 Tabs",Artesunate+Amodiaquine,Generic,Tablet - FDC + co-blister,12,50000,19500.0,0.39,0.03,Ipca Dadra/Nagar Haveli IN,False,See ASN-2921 (ID#:719),See ASN-2921 (ID#:719),50+153mg,38.22
353,3378,111-MZ-T01,Pre-PQ Process,SCMS-29460,ASN-3047,Mozambique,PMO - US,Direct Drop,FCA,Air,Pre-PQ Process,8/29/2008,17-Feb-09,17-Feb-09,17-Feb-09,HRDT,HIV test,Abbott GmbH & Co. KG,"HIV 1/2, Determine Complete HIV Kit, 100 Tests","HIV 1/2, Determine Complete HIV Kit",Determine,Test kit,100,1000,80000.0,80.0,0.8,ABBVIE GmbH & Co.KG Wiesbaden,True,337,3499.18,,156.8
354,3386,111-MZ-T01,Pre-PQ Process,SCMS-29440,ASN-2403,Mozambique,PMO - US,Direct Drop,EXW,Air,Pre-PQ Process,8/29/2008,3-Oct-08,3-Oct-08,3-Oct-08,HRDT,HIV test,"Orgenics, Ltd","HIV 1/2, Determine HIV Kit, without Lancets, 100 Tests","HIV 1/2, Determine HIV Kit, without Lancets",Determine,Test kit,100,1000,71990.0,71.99,0.72,Inverness Japan,True,296,2648.82,,115.18
355,3419,104-CI-T01,Pre-PQ Process,SCMS-30420,ASN-2992,Côte d'Ivoire,PMO - US,Direct Drop,EXW,Air,Pre-PQ Process,9/18/2008,12-Dec-08,12-Dec-08,12-Dec-08,HRDT,HIV test,BIO-RAD LABORATORIES (FRANCE),"#108853** HIV, Genie II HIV-1/HIV-2 Kit, 40 Tests","HIV, Genie II HIV-1/HIV-2 Kit",Genie,Test kit,40,862,65512.0,76.0,1.9,Bio-Rad Laboratories,True,963,25080.52,,128.4
356,3421,131-NG-T01,Pre-PQ Process,SCMS-26482,ASN-2589,Nigeria,PMO - US,Direct Drop,CIP,Air,Pre-PQ Process,9/17/2008,10-Oct-08,10-Oct-08,10-Oct-08,ARV,Adult,MERCK SHARP & DOHME IDEA GMBH (FORMALLY MERCK SHARP & DOHME B.V.),"Efavirenz/Emtricitabine/Tenofovir Disoproxil Fumarate 600/200/300mg [Atripla], tablets, 30 Tabs",Efavirenz/Emtricitabine/Tenofovir Disoproxil Fumarate,Atripla,Tablet - FDC,30,5900,297360.0,50.4,1.68,"MSD, Haarlem, NL",True,493,1727.2,600/200/300mg,475.78
357,3441,110-ZM-T01,Pre-PQ Process,SCMS-31390,ASN-3508,Zambia,PMO - US,Direct Drop,EXW,Air,Pre-PQ Process,10/2/2008,18-Mar-09,18-Mar-09,18-Mar-09,HRDT,HIV test,"Orgenics, Ltd","HIV 1/2, Determine HIV Kit, without Lancets, 100 Tests","HIV 1/2, Determine HIV Kit, without Lancets",Determine,Test kit,100,5500,395945.0,71.99,0.72,Inverness Japan,True,1624,12646.15,,776.05
358,3456,108-VN-T01,Pre-PQ Process,SCMS-31730,ASN-3313,Vietnam,PMO - US,Direct Drop,EXW,Air,Pre-PQ Process,10/21/2008,23-Feb-09,23-Feb-09,23-Feb-09,ARV,Adult,Aurobindo Pharma Limited,"Lamivudine 150mg, tablets, 60 Tabs",Lamivudine,Generic,Tablet,60,6156,14774.4,2.4,0.04,"Aurobindo Unit III, India",True,1044,3854.23,150mg,28.96
359,3457,119-NA-T01,Pre-PQ Process,SCMS-31810,ASN-3192,Namibia,PMO - US,Direct Drop,EXW,Air,Pre-PQ Process,10/14/2008,22-Jan-09,22-Jan-09,22-Jan-09,HRDT,HIV test,"Orgenics, Ltd","HIV 1/2, Determine Complete HIV Kit, 100 Tests","HIV 1/2, Determine Complete HIV Kit",Determine,Test kit,100,150,10800.0,72.0,0.72,Inverness Japan,True,46,2946.64,,21.17
360,3470,114-UG-T01,Pre-PQ Process,SCMS-32250,ASN-3001,Uganda,PMO - US,Direct Drop,CIP,Air,Pre-PQ Process,10/17/2008,9-Dec-08,9-Dec-08,9-Dec-08,ARV,Adult,BRISTOL-MYERS SQUIBB,"Didanosine EC 250mg [Videx EC], delayed-release capsules, Blister 3 x 10 Caps",Didanosine EC,Videx EC,Delayed-release capsules - blister,30,50,917.0,18.34,0.61,"BMS Meymac, France",True,2,378,250mg,1.8
361,3479,117-ET-T01,Pre-PQ Process,SCMS-32630,ASN-3156,Ethiopia,PMO - US,Direct Drop,EXW,Air,Pre-PQ Process,10/27/2008,26-Jan-09,20-Jan-09,20-Jan-09,HRDT,HIV test,"SHANGHAI KEHUA BIOENGINEERING CO.,LTD.  (KHB)","HIV 1/2, SKB Colloidal Gold, Diagnostic Kit, Antibody, 50 Tests","HIV 1/2, Colloidal Gold, Diagnostic Kit, Antibody",Colloidal Gold,Test kit,1,3510,80730.0,23.0,23.0,"KHB Test Kit Facility, Shanghai China",True,2535,20083.74,,158.23
362,3490,116-ZA-T01,Pre-PQ Process,SCMS-33320,ASN-3553,South Africa,PMO - US,Direct Drop,DDP,Truck,Pre-PQ Process,Date Not Captured,17-May-09,9-Oct-08,9-Oct-08,ARV,Adult,S. BUYS WHOLESALER,"Stavudine 30mg [Zerit], capsules, 60 Caps",Stavudine,Zerit,Capsule,60,1200,5772.0,4.81,0.08,"BMS Meymac, France",False,Weight Captured Separately,Freight Included in Commodity Cost,30mg,11.31
363,3499,109-TZ-T01,Pre-PQ Process,SCMS-33700,ASN-3080,Tanzania,PMO - US,Direct Drop,EXW,Air,Pre-PQ Process,11/14/2008,19-Jan-09,19-Jan-09,19-Jan-09,HRDT,HIV test,"Trinity Biotech, Plc","HIV 1/2, Uni-Gold HIV Kit, 20 Tests","HIV 1/2, Uni-Gold HIV Kit",Uni-Gold,Test kit,20,839,26848.0,32.0,1.6,"Trinity Biotech, Plc",True,284,3261.37,,52.62
364,3507,133-NG-T01,Pre-PQ Process,SCMS-33830,ASN-3231,Nigeria,PMO - US,Direct Drop,EXW,Air,Pre-PQ Process,11/20/2008,5-Feb-09,5-Feb-09,5-Feb-09,HRDT,HIV test,"Orgenics, Ltd","HIV 1/2, Determine Complete HIV Kit, 100 Tests","HIV 1/2, Determine Complete HIV Kit",Determine,Test kit,100,5259,420720.0,80.0,0.8,Inverness Japan,True,1584,22775.45,,824.61
365,3508,141-NA-T01,Pre-PQ Process,SCMS-33850,ASN-3110,Namibia,PMO - US,Direct Drop,EXW,Air,Pre-PQ Process,11/20/2008,27-Jan-09,27-Jan-09,27-Jan-09,HRDT,HIV test,INVERNESS MEDICAL INNOVATIONS SOUTH AFRICA (PTY) LTD,"HIV 1/2, Determine HIV Kit, without Lancets, 100 Tests","HIV 1/2, Determine HIV Kit, without Lancets",Determine,Test kit,100,7,490.0,70.0,0.7,Inverness Japan,False,See ASN-3110 (ID#:2173),See ASN-3110 (ID#:2173),,0.96
366,3551,102-GY-T01,Pre-PQ Process,SCMS-35560,ASN-3481,Guyana,PMO - US,Direct Drop,EXW,Air,Pre-PQ Process,12/10/2008,17-Mar-09,13-Mar-09,13-Mar-09,HRDT,HIV test,"Trinity Biotech, Plc","HIV 1/2, Uni-Gold HIV Kit, 20 Tests","HIV 1/2, Uni-Gold HIV Kit",Uni-Gold,Test kit,20,1062,33984.0,32.0,1.6,"Trinity Biotech, Plc",True,355,4457.29,,66.61
367,3552,102-GY-T01,Pre-PQ Process,SCMS-35570,ASN-3511,Guyana,PMO - US,Direct Drop,EXW,Air,Pre-PQ Process,12/11/2008,17-Mar-09,17-Mar-09,17-Mar-09,HRDT,HIV test,"Orgenics, Ltd","HIV 1/2, Determine Complete HIV Kit, 100 Tests","HIV 1/2, Determine Complete HIV Kit",Determine,Test kit,100,213,15336.0,72.0,0.72,Inverness Japan,True,64,1083.36,,30.06
368,3615,108-VN-T01,Pre-PQ Process,SCMS-37210,ASN-3631,Vietnam,PMO - US,Direct Drop,EXW,Air,Pre-PQ Process,1/16/2009,11-Apr-09,11-Apr-09,11-Apr-09,ARV,Adult,MYLAN LABORATORIES LTD (FORMERLY MATRIX LABORATORIES),"Zidovudine 300mg, tablets, 60 Tabs",Zidovudine,Generic,Tablet,60,336,2520.0,7.5,0.12,Mylan (formerly Matrix) Nashik,True,18,2525.73,300mg,4.94
369,3616,108-VN-T01,Pre-PQ Process,SCMS-37160,ASN-3561,Vietnam,PMO - US,Direct Drop,EXW,Air,Pre-PQ Process,1/16/2009,7-Apr-09,7-Apr-09,7-Apr-09,ARV,Adult,Aurobindo Pharma Limited,"Lamivudine/Nevirapine/Zidovudine 150/200/300mg, tablets, 60 Tabs",Lamivudine/Nevirapine/Zidovudine,Generic,Tablet - FDC,60,300,3345.0,11.15,0.19,"Aurobindo Unit III, India",False,See ASN-3561 (ID#:2297),See ASN-3561 (ID#:2297),150/300/200mg,6.56
370,3674,107-RW-T01,Pre-PQ Process,SCMS-38690,ASN-3633,Rwanda,PMO - US,Direct Drop,EXW,Air,Pre-PQ Process,2/18/2009,1-Apr-09,1-Apr-09,1-Apr-09,HRDT,HIV test,"Orgenics, Ltd","HIV 1/2, Determine HIV Kit, without Lancets, 100 Tests","HIV 1/2, Determine HIV Kit, without Lancets",Determine,Test kit,100,386,27020.0,70.0,0.7,Inverness Japan,True,88,3936.25,,52.96
371,3718,106-HT-T01,Pre-PQ Process,SCMS-40000,ASN-3675,Haiti,PMO - US,Direct Drop,CIP,Air,Pre-PQ Process,3/6/2009,31-Mar-09,31-Mar-09,31-Mar-09,ARV,Pediatric,BRISTOL-MYERS SQUIBB,"Didanosine 25mg [Videx], chewable tablets, 60 Tabs",Didanosine,Videx,Chewable/dispersible tablet,60,80,560.0,7.0,0.12,"BMS Meymac, France",False,See ASN-3675 (ID#:1046),See ASN-3675 (ID#:1046),25mg,1.1
372,3719,106-HT-T01,Pre-PQ Process,SCMS-40030,ASN-3749,Haiti,PMO - US,Direct Drop,FCA,Air,Pre-PQ Process,3/6/2009,15-Apr-09,15-Apr-09,15-Apr-09,ARV,Adult,ABBVIE LOGISTICS (FORMERLY ABBOTT LOGISTICS BV),"Lopinavir/Ritonavir 200/50mg [Aluvia], tablets, 120 Tabs",Lopinavir/Ritonavir,Aluvia,Tablet,120,1470,60417.0,41.1,0.34,ABBVIE Ludwigshafen Germany,True,362,2490.67,200/50mg,118.42
373,3735,116-ZA-T01,Pre-PQ Process,SCMS-40780,ASN-3607,South Africa,PMO - US,Direct Drop,DDP,Air,Pre-PQ Process,Date Not Captured,17-Mar-09,28-Nov-08,28-Nov-08,ARV,Adult,S. BUYS WHOLESALER,"Stavudine 15mg [Zerit], capsules, 60 Caps",Stavudine,Zerit,Capsule,60,1000,3970.0,3.97,0.07,"BMS Meymac, France",False,Weight Captured Separately,Freight Included in Commodity Cost,15mg,7.78
374,3736,116-ZA-T01,Pre-PQ Process,SCMS-40780,ASN-3607,South Africa,PMO - US,Direct Drop,DDP,Air,Pre-PQ Process,Date Not Captured,17-Mar-09,28-Nov-08,28-Nov-08,ARV,Adult,S. BUYS WHOLESALER,"Stavudine 30mg, capsules, 60 Caps",Stavudine,Generic,Capsule,60,3675,9371.25,2.55,0.04,"Aurobindo Unit III, India",False,Weight Captured Separately,Freight Included in Commodity Cost,30mg,18.37
375,3737,116-ZA-T01,Pre-PQ Process,SCMS-40790,ASN-3575,South Africa,PMO - US,Direct Drop,DDP,Air,Pre-PQ Process,Date Not Captured,24-Mar-09,1-Dec-08,1-Dec-08,ARV,Pediatric,S. BUYS WHOLESALER,"Efavirenz 200mg, capsule, 90 Caps",Efavirenz,Generic,Capsule,90,824,15515.92,18.83,0.21,"Aurobindo Unit III, India",False,Weight Captured Separately,Freight Included in Commodity Cost,200mg,30.41
376,3738,116-ZA-T01,Pre-PQ Process,SCMS-40820,ASN-3609,South Africa,PMO - US,Direct Drop,DDP,Air,Pre-PQ Process,Date Not Captured,14-Apr-09,4-Dec-08,4-Dec-08,ARV,Adult,S. BUYS WHOLESALER,"Nevirapine 200mg [Viramune], tablets, 60 Tabs",Nevirapine,Viramune,Tablet,60,10560,163046.4,15.44,0.26,"Boehringer Ing., Koropi, GR",True,Weight Captured Separately,Freight Included in Commodity Cost,200mg,319.57
377,3739,116-ZA-T01,Pre-PQ Process,SCMS-40890,ASN-3585,South Africa,PMO - US,Direct Drop,DDP,Air,Pre-PQ Process,Date Not Captured,19-May-09,2-Jan-09,2-Jan-09,ARV,Adult,S. BUYS WHOLESALER,"Lamivudine 150mg [Epivir], tablets, 60 Tabs",Lamivudine,Epivir,Tablet,60,10000,56800.0,5.68,0.09,GSK Cape Town Factory (South Africa),True,Weight Captured Separately,Freight Included in Commodity Cost,150mg,111.33
378,3743,116-ZA-T01,Pre-PQ Process,SCMS-41040,ASN-3623,South Africa,PMO - US,Direct Drop,DDP,Air,Pre-PQ Process,Date Not Captured,7-Apr-09,3-Dec-08,3-Dec-08,ARV,Adult,S. BUYS WHOLESALER,"Nevirapine 200mg [Viramune], tablets, 60 Tabs",Nevirapine,Viramune,Tablet,60,1560,23649.6,15.16,0.25,"Boehringer Ing., Koropi, GR",False,Weight Captured Separately,Freight Included in Commodity Cost,200mg,46.35
379,3745,116-ZA-T01,Pre-PQ Process,SCMS-41050,ASN-3635,South Africa,PMO - US,Direct Drop,DDP,Air,Pre-PQ Process,Date Not Captured,21-Apr-09,5-Dec-08,5-Dec-08,ARV,Pediatric,S. BUYS WHOLESALER,"Efavirenz 50mg [Stocrin/Sustiva], capsule, 30 Caps",Efavirenz,Stocrin/Sustiva,Capsule,30,360,849.6,2.36,0.08,"MSD Midrand, J'burg, SA",True,Weight Captured Separately,4230.75,50mg,1.67
380,3746,116-ZA-T01,Pre-PQ Process,SCMS-41080,ASN-3637,South Africa,PMO - US,Direct Drop,DDP,Air,Pre-PQ Process,Date Not Captured,26-May-09,22-Jan-09,22-Jan-09,ARV,Pediatric,S. BUYS WHOLESALER,"Stavudine 1mg/ml, powder for oral solution, 200 ml",Stavudine,Generic,Oral solution,200,3000,5970.0,1.99,0.01,"Aurobindo Unit III, India",True,Weight Captured Separately,Freight Included in Commodity Cost,1mg/ml,11.7
381,3747,116-ZA-T01,Pre-PQ Process,SCMS-41100,ASN-4018,South Africa,PMO - US,Direct Drop,DDP,Air,Pre-PQ Process,3/13/2009,17-Jun-09,3-Apr-09,3-Apr-09,ARV,Adult,S. BUYS WHOLESALER,"Zidovudine 300mg, tablets, 60 Tabs",Zidovudine,Generic,Tablet,60,1977,23091.36,11.68,0.19,"Aurobindo Unit III, India",True,Weight Captured Separately,Freight Included in Commodity Cost,300mg,45.26
382,3748,116-ZA-T01,Pre-PQ Process,SCMS-41100,ASN-4670,South Africa,PMO - US,Direct Drop,DDP,Air,Pre-PQ Process,3/13/2009,17-Jun-09,17-Apr-09,17-Apr-09,ARV,Adult,S. BUYS WHOLESALER,"Efavirenz 600mg, tablets, 30 Tabs",Efavirenz,Generic,Tablet,30,282,4314.6,15.3,0.51,"Aurobindo Unit III, India",True,Weight Captured Separately,Freight Included in Commodity Cost,600mg,8.46
383,3749,116-ZA-T01,Pre-PQ Process,SCMS-41140,ASN-3752,South Africa,PMO - US,Direct Drop,DDP,Air,Pre-PQ Process,Date Not Captured,31-Mar-09,21-Nov-08,21-Nov-08,ARV,Pediatric,S. BUYS WHOLESALER,"Nevirapine 10mg/ml [Viramune], oral suspension, Bottle, 240 ml",Nevirapine,Viramune,Oral suspension,240,30,312.6,10.42,0.04,"BI, Ingelheim, Germany",False,Weight Captured Separately,Freight Included in Commodity Cost,10mg/ml,0.61
384,3751,116-ZA-T01,Pre-PQ Process,SCMS-41190,ASN-3732,South Africa,PMO - US,Direct Drop,DDP,Air,Pre-PQ Process,Date Not Captured,30-Mar-09,21-Jan-09,21-Jan-09,ARV,Adult,S. BUYS WHOLESALER,"Didanosine EC 400mg [Videx EC], delayed-release capsules, Blister 3 x 10 Caps",Didanosine EC,Videx EC,Delayed-release capsules - blister,30,60,1095.0,18.25,0.61,"BMS Meymac, France",False,Weight Captured Separately,Freight Included in Commodity Cost,400mg,2.15
385,3752,116-ZA-T01,Pre-PQ Process,SCMS-41190,ASN-3732,South Africa,PMO - US,Direct Drop,DDP,Air,Pre-PQ Process,Date Not Captured,30-Mar-09,21-Jan-09,21-Jan-09,ARV,Pediatric,S. BUYS WHOLESALER,"Zidovudine 10mg/ml [Retrovir], solution for IV infusion injection, Vial 5 x 20 ml",Zidovudine,Retrovir,Injection,5,10,125.1,12.51,2.5,GSK Ware (UK),False,Weight Captured Separately,Freight Included in Commodity Cost,10mg/ml,0.25
386,3753,116-ZA-T01,Pre-PQ Process,SCMS-41210,ASN-3737,South Africa,PMO - US,Direct Drop,DDP,Air,Pre-PQ Process,Date Not Captured,30-Mar-09,23-Jan-09,23-Jan-09,ARV,Adult,S. BUYS WHOLESALER,"Saquinavir 200mg [Invirase], capsules, 270 Caps",Saquinavir,Invirase,Capsule,270,2,114.9,57.45,0.21,Roche Basel,True,Weight Captured Separately,Freight Included in Commodity Cost,200mg,0.23
387,3754,116-ZA-T01,Pre-PQ Process,SCMS-41220,ASN-3739,South Africa,PMO - US,Direct Drop,DDP,Air,Pre-PQ Process,Date Not Captured,30-Mar-09,23-Jan-09,23-Jan-09,ARV,Adult,S. BUYS WHOLESALER,"Ritonavir 100mg [Norvir], capsules, cool, 84 Caps",Ritonavir,Norvir,Capsule,84,20,147.0,7.35,0.09,ABBVIE (Abbott) Logis. UK,True,Weight Captured Separately,Freight Included in Commodity Cost,100mg,0.29
388,3763,116-ZA-T01,Pre-PQ Process,SCMS-41461,ASN-4360,South Africa,PMO - US,Direct Drop,DDP,Air,Pre-PQ Process,3/18/2009,25-Jun-09,20-Apr-09,20-Apr-09,ARV,Pediatric,S. BUYS WHOLESALER,"Zidovudine 10mg/ml [Retrovir], solution for IV infusion injection, Vial 5 x 20 ml",Zidovudine,Retrovir,Injection,5,334,4559.1,13.65,2.73,GSK Ware (UK),True,Weight Captured Separately,Freight Included in Commodity Cost,10mg/ml,8.94
389,3767,116-ZA-T01,Pre-PQ Process,SCMS-41582,ASN-4304,South Africa,PMO - US,Direct Drop,DDP,Air,Pre-PQ Process,3/27/2009,25-Jun-09,8-Apr-09,8-Apr-09,ARV,Adult,S. BUYS WHOLESALER,"Efavirenz 600mg, tablets, 30 Tabs",Efavirenz,Generic,Tablet,30,3500,44170.0,12.62,0.42,"Aurobindo Unit III, India",True,Weight Captured Separately,Freight Included in Commodity Cost,600mg,86.57
390,4020,108-VN-T01,Pre-PQ Process,SCMS-749,ASN-737,Vietnam,PMO - US,Direct Drop,EXW,Air,Pre-PQ Process,7/3/2007,2-Oct-07,2-Oct-07,2-Oct-07,ARV,Adult,Aurobindo Pharma Limited,"Abacavir 300mg, tablets, 60 Tabs",Abacavir,Generic,Tablet,60,1500,41475.0,27.65,0.46,"Aurobindo Unit III, India",False,See ASN-737 (ID#:2765),See ASN-737 (ID#:2765),300mg,66.36
391,3768,116-ZA-T01,Pre-PQ Process,SCMS-41582,ASN-4304,South Africa,PMO - US,Direct Drop,DDP,Air,Pre-PQ Process,3/27/2009,25-Jun-09,8-Apr-09,8-Apr-09,ARV,Pediatric,S. BUYS WHOLESALER,"Efavirenz 200mg, capsule, 90 Caps",Efavirenz,Generic,Capsule,90,2000,43360.0,21.68,0.24,"Aurobindo Unit III, India",False,Weight Captured Separately,Freight Included in Commodity Cost,200mg,84.99
392,3769,116-ZA-T01,Pre-PQ Process,SCMS-41583,ASN-4339,South Africa,PMO - US,Direct Drop,DDP,Air,Pre-PQ Process,3/27/2009,25-Jun-09,9-Apr-09,9-Apr-09,ARV,Adult,S. BUYS WHOLESALER,"Lopinavir/Ritonavir 200/50mg [Aluvia], tablets, 120 Tabs",Lopinavir/Ritonavir,Aluvia,Tablet,120,1400,49532.0,35.38,0.29,ABBVIE Ludwigshafen Germany,True,Weight Captured Separately,Freight Included in Commodity Cost,200/50mg,97.08
393,3770,116-ZA-T01,Pre-PQ Process,SCMS-41583,ASN-4339,South Africa,PMO - US,Direct Drop,DDP,Air,Pre-PQ Process,3/27/2009,25-Jun-09,9-Apr-09,9-Apr-09,ARV,Adult,S. BUYS WHOLESALER,"Stavudine 15mg [Zerit], capsules, 60 Caps",Stavudine,Zerit,Capsule,60,1800,7110.0,3.95,0.07,"BMS Meymac, France",False,Weight Captured Separately,Freight Included in Commodity Cost,15mg,13.94
394,3771,116-ZA-T01,Pre-PQ Process,SCMS-41585,ASN-4386,South Africa,PMO - US,Direct Drop,DDP,Air,Pre-PQ Process,3/27/2009,25-Jun-09,21-Apr-09,21-Apr-09,ARV,Pediatric,S. BUYS WHOLESALER,"Zidovudine 100mg [Retrovir], capsules, 100 Caps",Zidovudine,Retrovir,Capsule,100,800,9888.0,12.36,0.12,GSK Crawley,True,Weight Captured Separately,Freight Included in Commodity Cost,100mg,19.38
395,3772,116-ZA-T01,Pre-PQ Process,SCMS-41580,ASN-4603,South Africa,PMO - US,Direct Drop,DDP,Truck,Pre-PQ Process,3/27/2009,25-Jun-09,5-Jun-09,5-Jun-09,ARV,Adult,S. BUYS WHOLESALER,"Lamivudine 150mg, tablets, 60 Tabs",Lamivudine,Generic,Tablet,60,36,254.88,7.08,0.12,"Aurobindo Unit III, India",True,Weight Captured Separately,Freight Included in Commodity Cost,150mg,0.5
396,3781,144-BW-T01,Pre-PQ Process,SCMS-41880,ASN-4323,Botswana,PMO - US,Direct Drop,EXW,Air,Pre-PQ Process,3/25/2009,10-Jul-09,10-Jul-09,10-Jul-09,HRDT,HIV test,Orasure Technologies Inc.,"HIV 1/2, OraQuick Advance HIV Rapid Antibody Kit, 100 Tests","HIV 1/2, OraQuick Advance HIV Rapid Antibody Kit",OraQuick,Test kit,100,20,7000.0,350.0,3.5,"Pacific Biotech, Thailand",True,48,684.42,,13.72
397,3787,116-ZA-T01,Pre-PQ Process,SCMS-47350,ASN-4287,South Africa,PMO - US,Direct Drop,DDP,Truck,Pre-PQ Process,4/2/2009,15-May-09,4-May-09,4-May-09,ARV,Pediatric,S. BUYS WHOLESALER,"Zidovudine 100mg [Retrovir], capsules, 100 Caps",Zidovudine,Retrovir,Capsule,100,30,371.1,12.37,0.12,GSK Crawley,True,Weight Captured Separately,Freight Included in Commodity Cost,100mg,0.73
398,3808,102-KE-T01,Pre-PQ Process,SCMS-42961,ASN-4648,Kenya,PMO - US,Direct Drop,EXW,Air,Pre-PQ Process,5/14/2009,7-Aug-09,28-Aug-09,28-Aug-09,HRDT,HIV test,"Orgenics, Ltd","HIV 1/2, Determine Complete HIV Kit, 100 Tests","HIV 1/2, Determine Complete HIV Kit",Determine,Test kit,100,7500,600000.0,80.0,0.8,Inverness Japan,True,2215,17974.65,,1176.0
399,3828,107-RW-T01,Pre-PQ Process,SCMS-43870,ASN-4687,Rwanda,PMO - US,Direct Drop,CIP,Air,Pre-PQ Process,4/15/2009,21-Sep-09,21-Sep-09,21-Sep-09,ARV,Adult,MYLAN LABORATORIES LTD (FORMERLY MATRIX LABORATORIES),"Lamivudine/Nevirapine/Zidovudine 150/200/300mg, tablets, 60 Tabs",Lamivudine/Nevirapine/Zidovudine,Generic,Tablet - FDC,60,54432,641753.28,11.79,0.2,Mylan (formerly Matrix) Nashik,True,7278,61925.7,150/300/200mg,1257.84
400,3839,139-NA-T01,Pre-PQ Process,SCMS-44720,ASN-4047,Namibia,PMO - US,Direct Drop,EXW,Air,Pre-PQ Process,4/20/2009,20-May-09,20-May-09,20-May-09,HRDT,HIV test,"Orgenics, Ltd","HIV 1/2, Determine HIV Kit, without Lancets, 100 Tests","HIV 1/2, Determine HIV Kit, without Lancets",Determine,Test kit,100,180,12600.0,70.0,0.7,Inverness Japan,True,43,2760.11,,24.7
401,3840,104-CI-T01,Pre-PQ Process,SCMS-44820,ASN-4594,Côte d'Ivoire,PMO - US,Direct Drop,CIP,Air,Pre-PQ Process,4/24/2009,11-Aug-09,11-Aug-09,11-Aug-09,ARV,Adult,GLAXOSMITHKLINE EXPORT LIMITED,"Abacavir/Lamivudine/Zidovudine 300/150/300mg [Trizivir], tablets, 60 Tabs",Abacavir/Lamivudine/Zidovudine,Trizivir,Tablet - FDC,60,2048,109998.08,53.71,0.9,GSK Ware (UK),True,Weight Captured Separately,Freight Included in Commodity Cost,300/150/300mg,215.6
402,3846,108-VN-T01,Pre-PQ Process,SCMS-45000,ASN-4371,Vietnam,PMO - US,Direct Drop,EXW,Air,Pre-PQ Process,4/29/2009,21-Jul-09,21-Jul-09,21-Jul-09,ARV,Adult,CIPLA LIMITED,"Lamivudine/Nevirapine/Stavudine 150/200/30mg, tablets, 60 Tabs",Lamivudine/Nevirapine/Stavudine,Generic,Tablet - FDC,60,35616,240408.0,6.75,0.11,"Cipla, Goa, India",True,3479,10048.1,150/200/30mg,471.2
403,3848,108-VN-T01,Pre-PQ Process,SCMS-45020,ASN-4403,Vietnam,PMO - US,Direct Drop,EXW,Air,Pre-PQ Process,4/29/2009,3-Aug-09,3-Aug-09,3-Aug-09,ARV,Adult,MYLAN LABORATORIES LTD (FORMERLY MATRIX LABORATORIES),"Efavirenz 600mg, tablets, 30 Tabs",Efavirenz,Generic,Tablet,30,6552,42588.0,6.5,0.22,Mylan (formerly Matrix) Nashik,True,524,4453.71,600mg,83.47
404,3851,108-VN-T01,Pre-PQ Process,SCMS-45070,ASN-4419,Vietnam,PMO - US,Direct Drop,EXW,Air,Pre-PQ Process,4/29/2009,10-Jul-09,10-Jul-09,10-Jul-09,ARV,Adult,Aurobindo Pharma Limited,"Stavudine 30mg, capsules, 60 Caps",Stavudine,Generic,Capsule,60,15960,23142.0,1.45,0.02,"Aurobindo Unit III, India",True,1815,9931.49,30mg,45.36
405,3852,108-VN-T01,Pre-PQ Process,SCMS-45070,ASN-4419,Vietnam,PMO - US,Direct Drop,EXW,Air,Pre-PQ Process,4/29/2009,10-Jul-09,10-Jul-09,10-Jul-09,ARV,Adult,Aurobindo Pharma Limited,"Lamivudine/Nevirapine/Zidovudine 150/200/300mg, tablets, 60 Tabs",Lamivudine/Nevirapine/Zidovudine,Generic,Tablet - FDC,60,3500,39025.0,11.15,0.19,"Aurobindo Unit III, India",False,See ASN-4419 (ID#:3851),See ASN-4419 (ID#:3851),150/300/200mg,76.49
406,3870,102-BW-T01,Pre-PQ Process,SCMS-46070,ASN-4144,Botswana,PMO - US,Direct Drop,EXW,Air,Pre-PQ Process,5/27/2009,12-Jun-09,12-Jun-09,12-Jun-09,HRDT,HIV test,Orasure Technologies Inc.,"HIV 1/2, OraQuick Advance HIV Rapid Antibody Kit, 100 Tests","HIV 1/2, OraQuick Advance HIV Rapid Antibody Kit",OraQuick,Test kit,100,1,350.0,350.0,3.5,"Pacific Biotech, Thailand",True,3,597.43,,0.69
407,3880,108-VN-T01,Pre-PQ Process,SCMS-46540,ASN-4487,Vietnam,PMO - US,Direct Drop,CIP,Air,Pre-PQ Process,5/27/2009,23-Jul-09,23-Jul-09,23-Jul-09,ARV,Pediatric,BRISTOL-MYERS SQUIBB,"Didanosine 25mg [Videx], chewable tablets, 60 Tabs",Didanosine,Videx,Chewable/dispersible tablet,60,120,840.0,7.0,0.12,"BMS Meymac, France",True,Weight Captured Separately,Freight Included in Commodity Cost,25mg,1.65
408,3894,116-ZA-T01,Pre-PQ Process,SCMS-47050,ASN-4819,South Africa,PMO - US,Direct Drop,DDP,Truck,Pre-PQ Process,6/5/2009,12-Oct-09,21-Jul-09,21-Jul-09,ARV,Adult,S. BUYS WHOLESALER,"Nevirapine 200mg [Viramune], tablets, 60 Tabs",Nevirapine,Viramune,Tablet,60,360,7041.6,19.56,0.33,"Boehringer Ing., Koropi, GR",True,Weight Captured Separately,Freight Included in Commodity Cost,200mg,13.8
409,3895,116-ZA-T01,Pre-PQ Process,SCMS-47050,ASN-4819,South Africa,PMO - US,Direct Drop,DDP,Truck,Pre-PQ Process,6/5/2009,12-Oct-09,21-Jul-09,21-Jul-09,ARV,Adult,S. BUYS WHOLESALER,"Didanosine EC 250mg [Videx EC], delayed-release capsules, Blister 3 x 10 Caps",Didanosine EC,Videx EC,Delayed-release capsules - blister,30,40,678.8,16.97,0.57,"BMS Meymac, France",False,Weight Captured Separately,Freight Included in Commodity Cost,250mg,1.33
410,3896,116-ZA-T01,Pre-PQ Process,SCMS-47051,ASN-4836,South Africa,PMO - US,Direct Drop,DDP,Truck,Pre-PQ Process,6/5/2009,12-Oct-09,28-Jul-09,28-Jul-09,ARV,Adult,S. BUYS WHOLESALER,"Zidovudine 300mg [Retrovir], tablets, 60 Tabs",Zidovudine,Retrovir,Tablet,60,200,3136.0,15.68,0.26,GSK Ware (UK),False,Weight Captured Separately,Freight Included in Commodity Cost,300mg,6.15
411,3897,116-ZA-T01,Pre-PQ Process,SCMS-47051,ASN-4836,South Africa,PMO - US,Direct Drop,DDP,Truck,Pre-PQ Process,6/5/2009,12-Oct-09,28-Jul-09,28-Jul-09,ARV,Pediatric,S. BUYS WHOLESALER,"Nevirapine 10mg/ml, oral suspension, Bottle, 240 ml",Nevirapine,Generic,Oral suspension,240,30,328.2,10.94,0.05,"Aurobindo Unit III, India",False,Weight Captured Separately,Freight Included in Commodity Cost,10mg/ml,0.64
412,3898,116-ZA-T01,Pre-PQ Process,SCMS-47051,ASN-4836,South Africa,PMO - US,Direct Drop,DDP,Truck,Pre-PQ Process,6/5/2009,12-Oct-09,28-Jul-09,28-Jul-09,ARV,Adult,S. BUYS WHOLESALER,"Saquinavir 200mg [Invirase], capsules, 270 Caps",Saquinavir,Invirase,Capsule,270,30,2298.0,76.6,0.28,Roche Basel,False,Weight Captured Separately,Freight Included in Commodity Cost,200mg,4.5
413,3899,116-ZA-T01,Pre-PQ Process,SCMS-47070,ASN-4940,South Africa,PMO - US,Direct Drop,DDP,Truck,Pre-PQ Process,6/5/2009,8-Sep-09,31-Aug-09,31-Aug-09,ARV,Adult,S. BUYS WHOLESALER,"Tenofovir Disoproxil Fumarate 300mg [Viread], tablets, 30 Tabs",Tenofovir Disoproxil Fumarate,Viread,Tablet,30,300,7440.0,24.8,0.83,"Aspen-OSD, Port Elizabeth, SA",True,Weight Captured Separately,Freight Included in Commodity Cost,300mg,14.58
414,3926,100-CI-T01,Pre-PQ Process,SCMS-2,ASN-4,Côte d'Ivoire,PMO - US,Direct Drop,EXW,Air,Pre-PQ Process,Date Not Captured,10-May-06,10-May-06,10-May-06,HRDT,HIV test,OMEGA DIAGNOSTICS LTD,"HIV 1/2, Visitect Kit, 25 Tests","HIV 1/2, Visitect Kit",Visitect,Test kit,25,44,1375.0,31.25,1.25,"OMEGA Diagnostics, UK",True,15,633.73,,
415,3955,114-UG-T01,Pre-PQ Process,SCMS-157,ASN-127,Uganda,PMO - US,Direct Drop,EXW,Air,Pre-PQ Process,Date Not Captured,21-Dec-06,21-Dec-06,21-Dec-06,ARV,Adult,Aurobindo Pharma Limited,"Lamivudine/Zidovudine 150/300mg, tablets, 60 Tabs",Lamivudine/Zidovudine,Generic,Tablet - FDC,60,5080,55880.0,11.0,0.18,"Aurobindo Unit III, India",True,1172,5595.44,150/300mg,
416,3956,108-VN-T01,Pre-PQ Process,SCMS-171,ASN-294,Vietnam,PMO - US,Direct Drop,FCA,Air,Pre-PQ Process,11/13/2006,27-Mar-07,27-Mar-07,27-Mar-07,ARV,Adult,Hoffmann-La Roche ltd Basel,"Nelfinavir (as mesilate) 250mg [Viracept], tablets, 270 Tabs",Nelfinavir (as mesilate),Viracept,Tablet,270,200,32688.0,163.44,0.61,Roche Madrid,True,54,13981.96,250mg,
417,3970,107-RW-T01,Pre-PQ Process,SCMS-288,ASN-170,Rwanda,PMO - US,Direct Drop,EXW,Air,Pre-PQ Process,12/28/2006,17-Jan-07,17-Jan-07,17-Jan-07,HRDT,HIV test,Premier Medical Corporation Ltd.,"HIV 1/2/O, First Response HIV 1-2.0, v.3.0 Cards Kit, 30 Tests","HIV 1/2/O, First Response HIV 1-2.0, v.3.0 Cards Kit",First Response,Test kit,30,2000,42000.0,21.0,0.7,Premier Med. Corp Ltd. India,True,600,5714.31,,
418,3971,107-RW-T01,Pre-PQ Process,SCMS-290,ASN-191,Rwanda,PMO - US,Direct Drop,EXW,Air,Pre-PQ Process,12/29/2006,25-Jan-07,9-Mar-07,9-Mar-07,HRDT,HIV test,"Trinity Biotech, Plc","HIV 1/2, Uni-Gold HIV Kit, 20 Tests","HIV 1/2, Uni-Gold HIV Kit",Uni-Gold,Test kit,20,500,20000.0,40.0,2.0,"Trinity Biotech, Plc",True,173,17928.53,,
419,3972,110-ZM-T01,Pre-PQ Process,SCMS-291,ASN-161,Zambia,PMO - US,Direct Drop,EXW,Air,Pre-PQ Process,Date Not Captured,20-Nov-06,20-Nov-06,20-Nov-06,HRDT,HIV test,Abbott GmbH & Co. KG,"HIV 1/2, Determine Complete HIV Kit, 100 Tests","HIV 1/2, Determine Complete HIV Kit",Determine,Test kit,100,2500,200000.0,80.0,0.8,ABBVIE GmbH & Co.KG Wiesbaden,True,857354,5157.65,,
420,3976,110-ZM-T01,Pre-PQ Process,SCMS-352,ASN-200,Zambia,PMO - US,Direct Drop,EXW,Air,Pre-PQ Process,Date Not Captured,20-Feb-07,20-Feb-07,20-Feb-07,HRDT,HIV test,"Standard Diagnostics, Inc.","HIV 1/2, Bioline 3.0 Kit, Lancets, Capillary pipets, Alcohol swabs included, 25 Tests","HIV 1/2, Bioline 3.0 Kit, Lancets, Capillary pipets, Alcohol swabs included",Bioline,Test kit,25,400,8000.0,20.0,0.8,"Standard Diagnostics, Korea",True,134,963.73,,
421,3989,100-HT-T01,Pre-PQ Process,SCMS-540,ASN-362,Haiti,PMO - US,Direct Drop,EXW,Air,Pre-PQ Process,4/4/2007,8-May-07,8-May-07,8-May-07,HRDT,HIV test,"Trinity Biotech, Plc","HIV 1/2, Capillus HIV Kit, 100 Tests","HIV 1/2, Capillus HIV Kit",Capillus,Test kit,100,125,17375.0,139.0,1.39,"Trinity Biotech, Plc",True,78,4702.79,,
422,3992,102-NG-T01,Pre-PQ Process,SCMS-592,ASN-528,Nigeria,PMO - US,Direct Drop,EXW,Air,Pre-PQ Process,5/13/2007,19-Jun-07,6-Aug-07,6-Aug-07,HRDT,HIV test,Abbott GmbH & Co. KG,"HIV 1/2, Determine Complete HIV Kit, 100 Tests","HIV 1/2, Determine Complete HIV Kit",Determine,Test kit,100,1500,120000.0,80.0,0.8,ABBVIE GmbH & Co.KG Wiesbaden,True,512,3906.29,,192.0
423,4021,108-VN-T01,Pre-PQ Process,SCMS-762,ASN-634,Vietnam,PMO - US,Direct Drop,FCA,Air,Pre-PQ Process,7/4/2007,10-Sep-07,10-Sep-07,10-Sep-07,ARV,Adult,ABBVIE LOGISTICS (FORMERLY ABBOTT LOGISTICS BV),"Lopinavir/Ritonavir 200/50mg [Aluvia], tablets, 120 Tabs",Lopinavir/Ritonavir,Aluvia,Tablet,120,1000,82190.0,82.19,0.68,ABBVIE Ludwigshafen Germany,True,226,2923.46,200/50mg,131.5
424,4023,102-GY-T01,Pre-PQ Process,SCMS-767,ASN-607,Guyana,PMO - US,Direct Drop,EXW,Air,Pre-PQ Process,7/25/2007,9-Aug-07,9-Aug-07,9-Aug-07,HRDT,HIV test - Ancillary,"Orgenics, Ltd","HIV, Lancet, Safety, for HIV Test kits, 100 Pcs","HIV, Lancet, Safety, for HIV Test kits, 100 Pcs",Generic,Test kit - Ancillary,100,300,3.0,0.01,0.0,Inverness Japan,True,Weight Captured Separately,Invoiced Separately,,0.0
425,4025,104-CI-T01,Pre-PQ Process,SCMS-785,ASN-652,Côte d'Ivoire,PMO - US,Direct Drop,CIP,Air,Pre-PQ Process,7/11/2007,27-Aug-07,27-Aug-07,27-Aug-07,ARV,Adult,BRISTOL-MYERS SQUIBB,"Stavudine 20mg [Zerit], capsules, 60 Caps",Stavudine,Zerit,Capsule,60,1161,6548.04,5.64,0.09,"BMS Meymac, France",True,Weight Captured Separately,Freight Included in Commodity Cost,20mg,10.48
426,4044,109-TZ-T01,Pre-PQ Process,SCMS-10260,ASN-698,Tanzania,PMO - US,Direct Drop,EXW,Air,Pre-PQ Process,Date Not Captured,16-Oct-07,16-Oct-07,16-Oct-07,HRDT,HIV test,"Standard Diagnostics, Inc.","HIV 1/2, Bioline 3.0 Kit, Lancets, Capillary pipets, Alcohol swabs included, 25 Tests","HIV 1/2, Bioline 3.0 Kit, Lancets, Capillary pipets, Alcohol swabs included",Bioline,Test kit,25,10000,200000.0,20.0,0.8,"Standard Diagnostics, Korea",True,3338,28466.06,,320.0
427,4045,109-TZ-T01,Pre-PQ Process,SCMS-10340,ASN-2700,Tanzania,PMO - US,Direct Drop,EXW,Air,Pre-PQ Process,9/17/2008,19-Nov-08,19-Nov-08,19-Nov-08,HRDT,HIV test,"Standard Diagnostics, Inc.","HIV 1/2, Bioline 3.0 Kit, Lancets, Capillary pipets, Alcohol swabs included, 25 Tests","HIV 1/2, Bioline 3.0 Kit, Lancets, Capillary pipets, Alcohol swabs included",Bioline,Test kit,25,10000,200000.0,20.0,0.8,"Standard Diagnostics, Korea",True,3112,22856.02,,392.0
428,4085,102-GY-T01,Pre-PQ Process,SCMS-11650,ASN-834,Guyana,PMO - US,Direct Drop,EXW,Air,Pre-PQ Process,8/28/2007,21-Sep-07,21-Sep-07,21-Sep-07,HRDT,HIV test - Ancillary,"Orgenics, Ltd","HIV, Lancet, Safety, for HIV Test kits, 100 Pcs","HIV, Lancet, Safety, for HIV Test kits, 100 Pcs",Generic,Test kit - Ancillary,100,442,4.42,0.01,0.0,Inverness Japan,True,Weight Captured Separately,Invoiced Separately,,0.01
429,4100,104-CI-T01,Pre-PQ Process,SCMS-12370,ASN-823,Côte d'Ivoire,PMO - US,Direct Drop,EXW,Air,Pre-PQ Process,9/18/2007,25-Oct-07,25-Oct-07,25-Oct-07,HRDT,HIV test,"CHEMBIO DIAGNOSTIC SYSTEMS, INC.","HIV 1/2, Stat-Pak HIV, Kit, 20 Tests","HIV 1/2, Stat-Pak HIV, Kit",Stat-Pak,Test kit,20,250,6750.0,27.0,1.35,Chembio Diagnostics Sys. Inc.,True,68,1711.86,,10.8
430,4189,116-ZA-T01,Pre-PQ Process,SCMS-14050,ASN-1251,South Africa,PMO - US,Direct Drop,DDP,,Pre-PQ Process,11/12/2007,29-Jan-08,29-Jan-08,29-Jan-08,ARV,Adult,"JSI R&T INSTITUTE, INC.","Zidovudine 300mg [Retrovir], tablets, 60 Tabs",Zidovudine,Retrovir,Tablet,60,800,15408.0,19.26,0.32,GSK Aranda,False,Weight Captured Separately,Freight Included in Commodity Cost,300mg,24.65
431,4190,116-ZA-T01,Pre-PQ Process,SCMS-14050,ASN-1252,South Africa,PMO - US,Direct Drop,DDP,,Pre-PQ Process,11/12/2007,29-Jan-08,24-Jan-07,24-Jan-08,ARV,Adult,"JSI R&T INSTITUTE, INC.","Stavudine 30mg [Zerit], capsules, 60 Caps",Stavudine,Zerit,Capsule,60,800,4792.0,5.99,0.1,"BMS Meymac, France",True,Weight Captured Separately,Freight Included in Commodity Cost,30mg,7.67
432,4192,107-RW-T01,Pre-PQ Process,SCMS-14140,ASN-1028,Rwanda,PMO - US,Direct Drop,EXW,Air,Pre-PQ Process,11/16/2007,10-Jan-08,10-Jan-08,10-Jan-08,HRDT,HIV test,"Trinity Biotech, Plc","HIV 1/2, Uni-Gold HIV Kit, 20 Tests","HIV 1/2, Uni-Gold HIV Kit",Uni-Gold,Test kit,20,2450,78400.0,32.0,1.6,"Trinity Biotech, Plc",False,See ASN-1028 (ID#:2927),See ASN-1028 (ID#:2927),,125.44
433,4193,107-RW-T01,Pre-PQ Process,SCMS-14221,ASN-1595,Rwanda,PMO - US,Direct Drop,CIP,Air,Pre-PQ Process,11/21/2007,28-Apr-08,22-Apr-08,22-Apr-08,ARV,Adult,CIPLA LIMITED,"Lamivudine/Nevirapine/Stavudine 150/200/30mg, tablets, 60 Tabs",Lamivudine/Nevirapine/Stavudine,Generic,Tablet - FDC,60,38784,271488.0,7.0,0.12,"Cipla, Goa, India",True,4124,10500,150/200/30mg,434.38
434,4198,108-VN-T01,Pre-PQ Process,SCMS-14211,ASN-1341,Vietnam,PMO - US,Direct Drop,FCA,Air,Pre-PQ Process,12/6/2007,22-Jan-08,7-Mar-08,7-Mar-08,ARV,Adult,ABBVIE LOGISTICS (FORMERLY ABBOTT LOGISTICS BV),"Lopinavir/Ritonavir 200/50mg [Aluvia], tablets, 120 Tabs",Lopinavir/Ritonavir,Aluvia,Tablet,120,2000,164400.0,82.2,0.68,ABBVIE Ludwigshafen Germany,True,513,5866.31,200/50mg,263.04
435,4215,108-VN-T01,Pre-PQ Process,SCMS-14930,ASN-1231,Vietnam,PMO - US,Direct Drop,EXW,Air,Pre-PQ Process,12/5/2007,22-Jan-08,22-Jan-08,22-Jan-08,ARV,Adult,Aurobindo Pharma Limited,"Stavudine 20mg, capsules, 60 Caps",Stavudine,Generic,Capsule,60,800,1400.0,1.75,0.03,"Aurobindo Unit III, India",False,See ASN-1231 (ID#:2947),See ASN-1231 (ID#:2947),20mg,2.24
436,4257,116-ZA-T01,Pre-PQ Process,SCMS-16600,ASN-1520,South Africa,PMO - US,Direct Drop,DDP,,Pre-PQ Process,1/4/2008,21-Jan-08,4-Jan-08,4-Jan-08,ARV,Adult,"JSI R&T INSTITUTE, INC.","Nevirapine 200mg [Viramune], tablets, 60 Tabs",Nevirapine,Viramune,Tablet,60,100,2318.0,23.18,0.39,"BI, Ingelheim, Germany",False,Weight Captured Separately,Freight Included in Commodity Cost,200mg,3.71
437,4258,116-ZA-T01,Pre-PQ Process,SCMS-16600,ASN-1520,South Africa,PMO - US,Direct Drop,DDP,,Pre-PQ Process,1/4/2008,21-Jan-08,4-Jan-08,4-Jan-08,ARV,Adult,"JSI R&T INSTITUTE, INC.","Zidovudine 300mg [Retrovir], tablets, 60 Tabs",Zidovudine,Retrovir,Tablet,60,800,13960.0,17.45,0.29,GSK Aranda,False,Weight Captured Separately,Freight Included in Commodity Cost,300mg,22.34
438,4259,116-ZA-T01,Pre-PQ Process,SCMS-16600,ASN-1520,South Africa,PMO - US,Direct Drop,DDP,,Pre-PQ Process,1/4/2008,21-Jan-08,4-Jan-08,4-Jan-08,ARV,Pediatric,"JSI R&T INSTITUTE, INC.","Lamivudine 10mg/ml [Epivir], oral solution, Bottle, 240 ml",Lamivudine,Epivir,Oral solution,240,300,2049.0,6.83,0.03,GSK Mississauga (Canada),False,Weight Captured Separately,Freight Included in Commodity Cost,10mg/ml,3.28
439,4283,106-HT-T01,Pre-PQ Process,SCMS-17670,ASN-1519,Haiti,PMO - US,Direct Drop,FCA,Air,Pre-PQ Process,2/15/2008,11-Apr-08,11-Apr-08,11-Apr-08,ARV,Pediatric,ABBVIE LOGISTICS (FORMERLY ABBOTT LOGISTICS BV),"Lopinavir/Ritonavir 100/25mg [Aluvia], tablets, 60 Tabs",Lopinavir/Ritonavir,Generic,Tablet,60,180,1850.4,10.28,0.17,ABBVIE Ludwigshafen Germany,True,31,910.86,100/25mg,2.96
440,4290,116-ZA-T01,Pre-PQ Process,SCMS-17720,ASN-1530,South Africa,PMO - US,Direct Drop,DDP,Truck,Pre-PQ Process,1/21/2008,5-Feb-08,4-Feb-08,4-Feb-08,ARV,Adult,"JSI R&T INSTITUTE, INC.","Didanosine EC 400mg [Videx EC], delayed-release capsules, Blister 3 x 10 Caps",Didanosine EC,Videx EC,Delayed-release capsules - blister,30,800,21720.0,27.15,0.9,"BMS Meymac, France",True,Weight Captured Separately,Freight Included in Commodity Cost,400mg,34.75
441,4301,110-ZM-T01,Pre-PQ Process,SCMS-18240,ASN-1788,Zambia,PMO - US,Direct Drop,EXW,Air,Pre-PQ Process,2/29/2008,6-Jun-08,6-Jun-08,6-Jun-08,HRDT,HIV test,"Orgenics, Ltd","HIV 1/2, Determine HIV Kit, without Lancets, 100 Tests","HIV 1/2, Determine HIV Kit, without Lancets",Determine,Test kit,100,4300,309557.0,71.99,0.72,Inverness Japan,True,979,8690.26,,495.29
442,4302,104-CI-T01,Pre-PQ Process,SCMS-18280,ASN-1550,Côte d'Ivoire,PMO - US,Direct Drop,EXW,Air,Pre-PQ Process,2/27/2008,14-Apr-08,17-Apr-08,17-Apr-08,HRDT,HIV test,BIO-RAD LABORATORIES (FRANCE),"#108853** HIV, Genie II HIV-1/HIV-2 Kit, 40 Tests","HIV, Genie II HIV-1/HIV-2 Kit",Genie,Test kit,40,476,36176.0,76.0,1.9,Bio-Rad Laboratories,True,522,6924.83,,57.88
443,4303,107-RW-T01,Pre-PQ Process,SCMS-18350,ASN-1401,Rwanda,PMO - US,Direct Drop,EXW,Air,Pre-PQ Process,2/26/2008,11-Jul-08,11-Jul-08,11-Jul-08,HRDT,HIV test,"Trinity Biotech, Plc","HIV 1/2, Uni-Gold HIV Kit, 20 Tests","HIV 1/2, Uni-Gold HIV Kit",Uni-Gold,Test kit,20,3150,100800.0,32.0,1.6,"Trinity Biotech, Plc",True,1080,15987.05,,161.28
444,4311,104-CI-T01,Pre-PQ Process,SCMS-18460,ASN-2449,Côte d'Ivoire,PMO - US,Direct Drop,EXW,Air,Pre-PQ Process,2/29/2008,26-Sep-08,26-Sep-08,26-Sep-08,HRDT,HIV test,"Orgenics, Ltd","HIV 1/2, Determine HIV Kit, without Lancets, 100 Tests","HIV 1/2, Determine HIV Kit, without Lancets",Determine,Test kit,100,1116,78120.0,70.0,0.7,Inverness Japan,True,256,4014.57,,124.99
445,4312,102-GY-T01,Pre-PQ Process,SCMS-18510,ASN-2006,Guyana,PMO - US,Direct Drop,EXW,Air,Pre-PQ Process,2/28/2008,21-Jul-08,21-Jul-08,21-Jul-08,HRDT,HIV test,"Trinity Biotech, Plc","HIV 1/2, Uni-Gold HIV Kit, 20 Tests","HIV 1/2, Uni-Gold HIV Kit",Uni-Gold,Test kit,20,1062,33984.0,32.0,1.6,"Trinity Biotech, Plc",True,362,4717.51,,54.37
446,4321,102-BW-T01,Pre-PQ Process,SCMS-18730,ASN-1609,Botswana,PMO - US,Direct Drop,EXW,Air,Pre-PQ Process,3/11/2008,23-Jun-08,23-Jun-08,23-Jun-08,HRDT,HIV test - Ancillary,"Orgenics, Ltd","HIV, Lancet, Safety, for HIV Test kits, 100 Pcs","HIV, Lancet, Safety, for HIV Test kits, 100 Pcs",Generic,Test kit - Ancillary,100,200,2.0,0.01,0.0,Inverness Japan,True,Weight Captured Separately,Invoiced Separately,,0.0
447,4331,129-KG-T01,Pre-PQ Process,SCMS-19110,ASN-1801,Kyrgyzstan,PMO - US,Direct Drop,DDP,Air,Pre-PQ Process,3/18/2008,14-Jun-08,14-Jun-08,14-Jun-08,HRDT,HIV test,"Orgenics, Ltd","HIV 1/2, DoubleCheck II Kit, 40 Tests","HIV 1/2, DoubleCheck II Kit",DoubleCheck,Test kit,40,500,39500.0,79.0,1.98,Not Applicable,True,Weight Captured Separately,Freight Included in Commodity Cost,,63.2
448,4333,119-NA-T01,Pre-PQ Process,SCMS-19130,ASN-1787,Namibia,PMO - US,Direct Drop,EXW,Air,Pre-PQ Process,3/18/2008,4-Jun-08,4-Jun-08,4-Jun-08,HRDT,HIV test - Ancillary,"Orgenics, Ltd","HIV, Lancet, Safety, for HIV Test kits, 100 Pcs","HIV, Lancet, Safety, for HIV Test kits, 100 Pcs",Generic,Test kit - Ancillary,100,142,1.42,0.01,0.0,Inverness Japan,True,Weight Captured Separately,Invoiced Separately,,0.0
449,4347,116-ZA-T01,Pre-PQ Process,SCMS-19800,ASN-1665,South Africa,PMO - US,Direct Drop,DDP,Truck,Pre-PQ Process,2/20/2008,24-Apr-08,24-Apr-08,24-Apr-08,ARV,Pediatric,S. BUYS WHOLESALER,"Lamivudine 10mg/ml [Epivir], oral solution, Bottle, 240 ml",Lamivudine,Epivir,Oral solution,240,1000,6410.0,6.41,0.03,GSK Mississauga (Canada),False,Weight Captured Separately,Freight Included in Commodity Cost,10mg/ml,10.26
450,4367,108-VN-T01,Pre-PQ Process,SCMS-20181,ASN-2023,Vietnam,PMO - US,Direct Drop,EXW,Air,Pre-PQ Process,3/31/2008,7-Jul-08,7-Jul-08,7-Jul-08,ARV,Pediatric,Aurobindo Pharma Limited,"Didanosine 100mg, chewable/dispersible tablets, 60 Tabs",Didanosine,Generic,Chewable/dispersible tablet,60,408,3162.0,7.75,0.13,"Aurobindo Unit III, India",False,See ASN-2023 (ID#:3094),See ASN-2023 (ID#:3094),100mg,5.06
451,4368,108-VN-T01,Pre-PQ Process,SCMS-20390,ASN-2204,Vietnam,PMO - US,Direct Drop,EXW,Air,Pre-PQ Process,3/31/2008,12-Aug-08,12-Aug-08,12-Aug-08,ARV,Adult,CIPLA LIMITED,"Lamivudine/Nevirapine/Stavudine 150/200/30mg, tablets, 60 Tabs",Lamivudine/Nevirapine/Stavudine,Generic,Tablet - FDC,60,10420,77108.0,7.4,0.12,"Cipla, Goa, India",True,1000,7526.06,150/200/30mg,123.37
452,4369,108-VN-T01,Pre-PQ Process,SCMS-20400,ASN-2205,Vietnam,PMO - US,Direct Drop,EXW,Air,Pre-PQ Process,3/31/2008,19-Sep-08,19-Sep-08,19-Sep-08,ARV,Adult,CIPLA LIMITED,"Lamivudine/Nevirapine/Stavudine 150/200/30mg, tablets, 60 Tabs",Lamivudine/Nevirapine/Stavudine,Generic,Tablet - FDC,60,9600,71040.0,7.4,0.12,"Cipla, Goa, India",True,920,7265.05,150/200/30mg,113.66
453,4372,108-VN-T01,Pre-PQ Process,SCMS-20410,ASN-2050,Vietnam,PMO - US,Direct Drop,FCA,Air,Pre-PQ Process,3/31/2008,16-Jul-08,16-Jul-08,16-Jul-08,ARV,Adult,ABBVIE LOGISTICS (FORMERLY ABBOTT LOGISTICS BV),"Lopinavir/Ritonavir 200/50mg [Aluvia], tablets, 120 Tabs",Lopinavir/Ritonavir,Aluvia,Tablet,120,1520,124944.0,82.2,0.68,ABBVIE Ludwigshafen Germany,True,385,4393.32,200/50mg,199.91
454,4373,108-VN-T01,Pre-PQ Process,SCMS-20420,ASN-2051,Vietnam,PMO - US,Direct Drop,FCA,Air,Pre-PQ Process,3/31/2008,14-Jul-08,14-Jul-08,14-Jul-08,ARV,Adult,ABBVIE LOGISTICS (FORMERLY ABBOTT LOGISTICS BV),"Lopinavir/Ritonavir 200/50mg [Aluvia], tablets, 120 Tabs",Lopinavir/Ritonavir,Aluvia,Tablet,120,800,65760.0,82.2,0.68,ABBVIE Ludwigshafen Germany,True,208,3449.4,200/50mg,105.22
455,4432,106-HT-T01,Pre-PQ Process,SCMS-22780,ASN-1680,Haiti,PMO - US,Direct Drop,DDP,Air,Pre-PQ Process,4/28/2008,18-Apr-08,3-Jan-08,3-Jan-08,HRDT,HIV test,REINBOLD EXPORT IMPORT,"HIV 1/2, Determine Complete HIV Kit, 100 Tests","HIV 1/2, Determine Complete HIV Kit",Determine,Test kit,100,30,2550.0,85.0,0.85,Inverness Japan,True,Weight Captured Separately,Freight Included in Commodity Cost,,4.08
456,4456,108-VN-T01,Pre-PQ Process,SCMS-23310,ASN-2486,Vietnam,PMO - US,Direct Drop,EXW,Air,Pre-PQ Process,5/14/2008,11-Oct-08,11-Oct-08,11-Oct-08,ARV,Adult,CIPLA LIMITED,"Lamivudine/Nevirapine/Stavudine 150/200/30mg, tablets, 60 Tabs",Lamivudine/Nevirapine/Stavudine,Generic,Tablet - FDC,60,15360,113664.0,7.4,0.12,"Cipla, Goa, India",True,1360,5412.14,150/200/30mg,181.86
457,4457,108-VN-T01,Pre-PQ Process,SCMS-23320,ASN-2275,Vietnam,PMO - US,Direct Drop,EXW,Air,Pre-PQ Process,5/13/2008,19-Sep-08,19-Sep-08,19-Sep-08,ARV,Adult,Aurobindo Pharma Limited,"Nevirapine 200mg, tablets, 60 Tabs",Nevirapine,Generic,Tablet,60,2180,6997.8,3.21,0.05,"Aurobindo Unit III, India",True,242,5881.57,200mg,11.2
458,4458,108-VN-T01,Pre-PQ Process,SCMS-23330,ASN-2276,Vietnam,PMO - US,Direct Drop,EXW,Air,Pre-PQ Process,5/13/2008,19-Sep-08,19-Sep-08,19-Sep-08,ARV,Adult,Aurobindo Pharma Limited,"Lamivudine/Zidovudine 150/300mg, tablets, 60 Tabs",Lamivudine/Zidovudine,Generic,Tablet - FDC,60,2016,18648.0,9.25,0.15,"Aurobindo Unit III, India",True,185,5551.97,150/300mg,29.84
459,4459,108-VN-T01,Pre-PQ Process,SCMS-23380,ASN-2524,Vietnam,PMO - US,Direct Drop,CIP,Air,Pre-PQ Process,5/13/2008,30-Sep-08,30-Sep-08,30-Sep-08,ARV,Pediatric,BRISTOL-MYERS SQUIBB,"Didanosine 25mg [Videx], chewable tablets, 60 Tabs",Didanosine,Videx,Chewable/dispersible tablet,60,400,2800.0,7.0,0.12,"BMS Meymac, France",True,81,2035.66,25mg,4.48
460,4460,108-VN-T01,Pre-PQ Process,SCMS-23450,ASN-2336,Vietnam,PMO - US,Direct Drop,EXW,Air,Pre-PQ Process,5/14/2008,19-Sep-08,19-Sep-08,19-Sep-08,ARV,Adult,MYLAN LABORATORIES LTD (FORMERLY MATRIX LABORATORIES),"Efavirenz 600mg, tablets, 30 Tabs",Efavirenz,Generic,Tablet,30,10080,103219.2,10.24,0.34,Mylan (formerly Matrix) Nashik,False,See ASN-2336 (ID#:530),See ASN-2336 (ID#:530),600mg,165.15
461,4461,116-ZA-T01,Pre-PQ Process,SCMS-23500,ASN-2293,South Africa,PMO - US,Direct Drop,DDP,Truck,Pre-PQ Process,Date Not Captured,20-Aug-08,8-May-08,8-May-08,ARV,Pediatric,S. BUYS WHOLESALER,"Didanosine 25mg [Videx], chewable tablets, 60 Tabs",Didanosine,Videx,Chewable/dispersible tablet,60,4,52.96,13.24,0.22,"BMS Meymac, France",False,Weight Captured Separately,Freight Included in Commodity Cost,25mg,0.08
462,4470,106-HT-T01,Pre-PQ Process,SCMS-23820,ASN-2099,Haiti,PMO - US,Direct Drop,EXW,Air,Pre-PQ Process,5/20/2008,6-Aug-08,6-Aug-08,6-Aug-08,HRDT,HIV test,"Orgenics, Ltd","HIV 1/2, Determine HIV Kit, without Lancets, 100 Tests","HIV 1/2, Determine HIV Kit, without Lancets",Determine,Test kit,100,2059,144130.0,70.0,0.7,Inverness Japan,True,470,3684.28,,230.61
463,4531,116-ZA-T01,Pre-PQ Process,SCMS-25540,ASN-2295,South Africa,PMO - US,Direct Drop,DDP,Truck,Pre-PQ Process,Date Not Captured,12-Jun-08,9-Jun-08,9-Jun-08,ARV,Adult,S. BUYS WHOLESALER,"Tenofovir Disoproxil Fumarate 300mg [Viread], tablets, 30 Tabs",Tenofovir Disoproxil Fumarate,Viread,Tablet,30,400,9536.0,23.84,0.79,"Aspen-OSD, Port Elizabeth, SA",False,Weight Captured Separately,Freight Included in Commodity Cost,300mg,15.26
464,4534,110-ZM-T01,Pre-PQ Process,SCMS-25700,ASN-2797,Zambia,PMO - US,Direct Drop,EXW,Air,Pre-PQ Process,6/20/2008,18-Nov-08,18-Nov-08,18-Nov-08,HRDT,HIV test,"Trinity Biotech, Plc","HIV 1/2, Uni-Gold HIV Kit, 20 Tests","HIV 1/2, Uni-Gold HIV Kit",Uni-Gold,Test kit,20,5900,188800.0,32.0,1.6,"Trinity Biotech, Plc",True,1989,19569.48,,370.05
465,4567,109-TZ-T01,Pre-PQ Process,SCMS-23611,ASN-2727,Tanzania,PMO - US,Direct Drop,CIP,Air,Pre-PQ Process,5/15/2008,3-Nov-08,3-Nov-08,3-Nov-08,ARV,Adult,BRISTOL-MYERS SQUIBB,"Didanosine EC 400mg [Videx EC], delayed-release capsules, Blister 3 x 10 Caps",Didanosine EC,Videx EC,Delayed-release capsules - blister,30,2597,61470.99,23.67,0.79,"BMS Meymac, France",True,Weight Captured Separately,Freight Included in Commodity Cost,400mg,120.48
466,4593,110-ZM-T01,Pre-PQ Process,SCMS-27010,ASN-2448,Zambia,PMO - US,Direct Drop,EXW,Air,Pre-PQ Process,8/21/2008,22-Sep-08,22-Sep-08,22-Sep-08,HRDT,HIV test,"Orgenics, Ltd","HIV 1/2, Determine HIV Kit, without Lancets, 100 Tests","HIV 1/2, Determine HIV Kit, without Lancets",Determine,Test kit,100,3000,215970.0,71.99,0.72,Inverness Japan,False,See ASN-2448 (ID#:1939),See ASN-2448 (ID#:1939),,345.55
467,4594,102-GY-T01,Pre-PQ Process,SCMS-27040,ASN-2473,Guyana,PMO - US,Direct Drop,EXW,Air,Pre-PQ Process,7/18/2008,1-Oct-08,1-Oct-08,1-Oct-08,HRDT,HIV test,"Trinity Biotech, Plc","HIV 1/2, Uni-Gold HIV Kit, 20 Tests","HIV 1/2, Uni-Gold HIV Kit",Uni-Gold,Test kit,20,1062,33984.0,32.0,1.6,"Trinity Biotech, Plc",True,1062,3976.33,,54.37
468,4611,102-BW-T01,Pre-PQ Process,SCMS-27750,ASN-2397,Botswana,PMO - US,Direct Drop,EXW,Air,Pre-PQ Process,7/28/2008,18-Nov-08,18-Nov-08,18-Nov-08,HRDT,HIV test,"Trinity Biotech, Plc","HIV 1/2, Uni-Gold HIV Kit, 20 Tests","HIV 1/2, Uni-Gold HIV Kit",Uni-Gold,Test kit,20,5,160.0,32.0,1.6,"Trinity Biotech, Plc",True,3,1225.17,,0.26
469,4615,102-BW-T01,Pre-PQ Process,SCMS-27760,ASN-2325,Botswana,PMO - US,Direct Drop,EXW,Air,Pre-PQ Process,7/28/2008,9-Oct-08,2-Oct-08,2-Oct-08,HRDT,HIV test,"Orgenics, Ltd","HIV 1/2, Determine HIV Kit, without Lancets, 100 Tests","HIV 1/2, Determine HIV Kit, without Lancets",Determine,Test kit,100,8,560.0,70.0,0.7,Inverness Japan,True,5406,559.95,,0.9
470,4635,108-VN-T01,Pre-PQ Process,SCMS-26171,ASN-2515,Vietnam,PMO - US,Direct Drop,EXW,Air,Pre-PQ Process,7/1/2008,25-Sep-08,25-Sep-08,25-Sep-08,ARV,Adult,Aurobindo Pharma Limited,"Nevirapine 200mg, tablets, 60 Tabs",Nevirapine,Generic,Tablet,60,1848,5359.2,2.9,0.05,"Aurobindo Unit III, India",True,327,3171.36,200mg,8.57
471,4646,102-NG-T01,Pre-PQ Process,SCMS-28650,ASN-3202,Nigeria,PMO - US,Direct Drop,DDP,Air,Pre-PQ Process,8/20/2008,27-Aug-08,27-Aug-08,27-Aug-08,HRDT,HIV test,BUNDI INTERNATIONAL DIAGNOSTICS LTD,"HIV 1/2, Bundi Rapid HIV Kit, 25 Tests","HIV 1/2, Bundi Rapid HIV Kit",Bundi,Test kit,1,1369,51337.5,37.5,37.5,BUNDI INTERNATIONAL DIAGNOSTICS LTD,True,Weight Captured Separately,Freight Included in Commodity Cost,,100.62
472,4647,117-ET-T01,Pre-PQ Process,SCMS-28690,ASN-2839,Ethiopia,PMO - US,Direct Drop,EXW,Air,Pre-PQ Process,8/22/2008,17-Nov-08,17-Nov-08,17-Nov-08,HRDT,HIV test,"SHANGHAI KEHUA BIOENGINEERING CO.,LTD.  (KHB)","HIV 1/2, SKB Colloidal Gold, Diagnostic Kit, Antibody, 50 Tests","HIV 1/2, Colloidal Gold, Diagnostic Kit, Antibody",Colloidal Gold,Test kit,1,7002,161046.0,23.0,23.0,"KHB Test Kit Facility, Shanghai China",True,4922,46117.09,,315.65
473,4648,117-ET-T01,Pre-PQ Process,SCMS-28700,ASN-2719,Ethiopia,PMO - US,Direct Drop,EXW,Air,Pre-PQ Process,8/22/2008,30-Oct-08,28-Oct-08,28-Oct-08,HRDT,HIV test,"SHANGHAI KEHUA BIOENGINEERING CO.,LTD.  (KHB)","HIV 1/2, SKB Colloidal Gold, Diagnostic Kit, Antibody, 50 Tests","HIV 1/2, Colloidal Gold, Diagnostic Kit, Antibody",Colloidal Gold,Test kit,1,7002,161046.0,23.0,23.0,"KHB Test Kit Facility, Shanghai China",True,5057,44360.44,,315.65
474,4649,117-ET-T01,Pre-PQ Process,SCMS-28720,ASN-2577,Ethiopia,PMO - US,Direct Drop,EXW,Air,Pre-PQ Process,8/22/2008,6-Oct-08,6-Oct-08,6-Oct-08,HRDT,HIV test,"SHANGHAI KEHUA BIOENGINEERING CO.,LTD.  (KHB)","HIV 1/2, SKB Colloidal Gold, Diagnostic Kit, Antibody, 50 Tests","HIV 1/2, Colloidal Gold, Diagnostic Kit, Antibody",Colloidal Gold,Test kit,1,7002,161046.0,23.0,23.0,"KHB Test Kit Facility, Shanghai China",True,5057,44347.71,,257.67
475,4650,111-MZ-T01,Pre-PQ Process,SCMS-28730,ASN-2658,Mozambique,PMO - US,Direct Drop,EXW,Air,Pre-PQ Process,8/26/2008,1-Nov-08,1-Nov-08,1-Nov-08,HRDT,HIV test - Ancillary,"Orgenics, Ltd","HIV, Lancet, Safety, for HIV Test kits, 100 Pcs","HIV, Lancet, Safety, for HIV Test kits, 100 Pcs",Generic,Test kit - Ancillary,100,7690,76.9,0.01,0.0,Inverness Japan,True,2278,23743.01,,0.15
476,4709,107-RW-T01,Pre-PQ Process,SCMS-30310,ASN-3505,Rwanda,PMO - US,Direct Drop,CIP,Air,Pre-PQ Process,10/21/2008,10-Mar-09,10-Mar-09,10-Mar-09,ARV,Adult,CIPLA LIMITED,"Lamivudine/Zidovudine 150/300mg, tablets, 60 Tabs",Lamivudine/Zidovudine,Generic,Tablet - FDC,60,18560,168896.0,9.1,0.15,"Cipla, Goa, India",True,1698,16414.22,150/300mg,331.04
477,4722,119-NA-T01,Pre-PQ Process,SCMS-30720,ASN-2586,Namibia,PMO - US,Direct Drop,EXW,Air,Pre-PQ Process,9/19/2008,8-Oct-08,8-Oct-08,8-Oct-08,HRDT,HIV test,"Trinity Biotech, Plc","HIV 1/2, Uni-Gold HIV Kit, 20 Tests","HIV 1/2, Uni-Gold HIV Kit",Uni-Gold,Test kit,20,650,20800.0,32.0,1.6,"Trinity Biotech, Plc",True,220,7078.9,,33.28
478,4794,110-ZM-T01,Pre-PQ Process,SCMS-33150,ASN-3308,Zambia,PMO - US,Direct Drop,CIP,Air,Pre-PQ Process,11/4/2008,20-Feb-09,20-Feb-09,20-Feb-09,ARV,Pediatric,BRISTOL-MYERS SQUIBB,"Didanosine 25mg [Videx], chewable tablets, 60 Tabs",Didanosine,Videx,Chewable/dispersible tablet,60,545,3815.0,7.0,0.12,"BMS Meymac, France",True,Weight Captured Separately,Freight Included in Commodity Cost,25mg,7.48
479,4798,116-ZA-T01,Pre-PQ Process,SCMS-33320,ASN-3553,South Africa,PMO - US,Direct Drop,DDP,Truck,Pre-PQ Process,Date Not Captured,17-May-09,9-Oct-08,9-Oct-08,ARV,Pediatric,S. BUYS WHOLESALER,"Efavirenz 50mg [Stocrin/Sustiva], capsule, 30 Caps",Efavirenz,Stocrin/Sustiva,Capsule,30,200,592.0,2.96,0.1,"MSD Midrand, J'burg, SA",False,Weight Captured Separately,Freight Included in Commodity Cost,50mg,1.16
480,4804,109-TZ-T01,Pre-PQ Process,SCMS-33690,ASN-3229,Tanzania,PMO - US,Direct Drop,EXW,Air,Pre-PQ Process,11/14/2008,2-Mar-09,2-Mar-09,2-Mar-09,HRDT,HIV test,"Trinity Biotech, Plc","HIV 1/2, Uni-Gold HIV Kit, 20 Tests","HIV 1/2, Uni-Gold HIV Kit",Uni-Gold,Test kit,20,1678,53696.0,32.0,1.6,"Trinity Biotech, Plc",True,554,4810.99,,105.24
481,4818,117-ET-T01,Pre-PQ Process,SCMS-34310,ASN-3234,Ethiopia,PMO - US,Direct Drop,EXW,Air,Pre-PQ Process,11/24/2008,27-Jan-09,27-Jan-09,27-Jan-09,HRDT,HIV test - Ancillary,"Orgenics, Ltd","Capillary Tubes, for Determine, EDTA, 50uL,100 Pcs","HIV, Capillary Tubes, for Determine, EDTA, 50uL,100 Pcs",Determine,Test kit - Ancillary,100,10000,80000.0,8.0,0.08,Inverness Japan,True,400,4856.14,,156.8
482,4824,109-TZ-T01,Pre-PQ Process,SCMS-34690,ASN-3853,Tanzania,PMO - US,Direct Drop,CIP,Air,Pre-PQ Process,12/30/2008,15-Jun-09,15-Jun-09,15-Jun-09,ARV,Adult,MERCK SHARP & DOHME IDEA GMBH (FORMALLY MERCK SHARP & DOHME B.V.),"Efavirenz/Emtricitabine/Tenofovir Disoproxil Fumarate 600/200/300mg [Atripla], tablets, 30 Tabs",Efavirenz/Emtricitabine/Tenofovir Disoproxil Fumarate,Atripla,Tablet - FDC,30,24963,1258135.2,50.4,1.68,"MSD, Haarlem, NL",True,2462,3451.41,600/200/300mg,2465.94
483,4854,102-GY-T01,Pre-PQ Process,SCMS-35550,ASN-3190,Guyana,PMO - US,Direct Drop,EXW,Air,Pre-PQ Process,12/12/2008,30-Jan-09,23-Jan-09,23-Jan-09,HRDT,HIV test,"Orgenics, Ltd","HIV 1/2, Determine Complete HIV Kit, 100 Tests","HIV 1/2, Determine Complete HIV Kit",Determine,Test kit,100,351,25272.0,72.0,0.72,Inverness Japan,True,60,1097.78,,49.53
484,4921,108-VN-T01,Pre-PQ Process,SCMS-37170,ASN-3562,Vietnam,PMO - US,Direct Drop,EXW,Air,Pre-PQ Process,1/16/2009,10-Apr-09,10-Apr-09,10-Apr-09,ARV,Adult,Aurobindo Pharma Limited,"Nevirapine 200mg, tablets, 60 Tabs",Nevirapine,Generic,Tablet,60,5200,15080.0,2.9,0.05,"Aurobindo Unit III, India",False,See ASN-3562 (ID#:960),See ASN-3562 (ID#:960),200mg,29.56
485,4929,110-ZM-T01,Pre-PQ Process,SCMS-37770,ASN-3676,Zambia,PMO - US,Direct Drop,EXW,Air,Pre-PQ Process,1/27/2009,26-Mar-09,26-Mar-09,26-Mar-09,HRDT,HIV test,"Standard Diagnostics, Inc.","HIV 1/2, Bioline 3.0 Kit, Lancets, Capillary pipets, Alcohol swabs included, 25 Tests","HIV 1/2, Bioline 3.0 Kit, Lancets, Capillary pipets, Alcohol swabs included",Bioline,Test kit,25,300,6000.0,20.0,0.8,"Standard Diagnostics, Korea",True,94,1205.43,,11.76
486,4947,100-SN-T01,Pre-PQ Process,SCMS-38270,ASN-3546,Senegal,PMO - US,Direct Drop,EXW,Air,Pre-PQ Process,2/6/2009,25-Mar-09,25-Mar-09,25-Mar-09,HRDT,HIV test,"Orgenics, Ltd","HIV 1/2, ImmunoComb TriSpot Ag - Ab Kit, 36 Tests","HIV 1/2, ImmunoComb TriSpot Ag - Ab Kit",ImmunoComb,Test kit,36,80,6800.0,85.0,2.36,INVERNESS ORGENICS LINE,True,33,812,,13.33
487,4949,109-TZ-T01,Pre-PQ Process,SCMS-38410,ASN-4381,Tanzania,PMO - US,Direct Drop,FCA,Air,Pre-PQ Process,2/5/2009,11-Aug-09,11-Aug-09,11-Aug-09,ARV,Adult,ABBVIE LOGISTICS (FORMERLY ABBOTT LOGISTICS BV),"Lopinavir/Ritonavir 200/50mg [Aluvia], tablets, 120 Tabs",Lopinavir/Ritonavir,Aluvia,Tablet,120,10680,438948.0,41.1,0.34,ABBVIE Ludwigshafen Germany,True,2724,12620.12,200/50mg,860.34
488,5032,116-ZA-T01,Pre-PQ Process,SCMS-40780,ASN-3607,South Africa,PMO - US,Direct Drop,DDP,Air,Pre-PQ Process,Date Not Captured,17-Mar-09,28-Nov-08,28-Nov-08,ARV,Adult,S. BUYS WHOLESALER,"Efavirenz 600mg, tablets, 30 Tabs",Efavirenz,Generic,Tablet,30,7000,113050.0,16.15,0.54,"Aurobindo Unit III, India",False,Weight Captured Separately,Freight Included in Commodity Cost,600mg,221.58
489,5033,116-ZA-T01,Pre-PQ Process,SCMS-40780,ASN-3607,South Africa,PMO - US,Direct Drop,DDP,Air,Pre-PQ Process,Date Not Captured,17-Mar-09,28-Nov-08,28-Nov-08,ARV,Adult,S. BUYS WHOLESALER,"Nevirapine 200mg, tablets, 60 Tabs",Nevirapine,Generic,Tablet,60,983,4875.68,4.96,0.08,"Aurobindo Unit III, India",False,Weight Captured Separately,Freight Included in Commodity Cost,200mg,9.56
490,5034,116-ZA-T01,Pre-PQ Process,SCMS-40790,ASN-3575,South Africa,PMO - US,Direct Drop,DDP,Air,Pre-PQ Process,Date Not Captured,24-Mar-09,1-Dec-08,1-Dec-08,ARV,Adult,S. BUYS WHOLESALER,"Stavudine 30mg, capsules, 60 Caps",Stavudine,Generic,Capsule,60,1325,3339.0,2.52,0.04,"Aurobindo Unit III, India",False,Weight Captured Separately,Freight Included in Commodity Cost,30mg,6.54
491,5035,116-ZA-T01,Pre-PQ Process,SCMS-40810,ASN-3634,South Africa,PMO - US,Direct Drop,DDP,Air,Pre-PQ Process,Date Not Captured,31-Mar-09,2-Dec-08,2-Dec-08,ARV,Adult,S. BUYS WHOLESALER,"Nevirapine 200mg [Viramune], tablets, 60 Tabs",Nevirapine,Viramune,Tablet,60,2880,44812.8,15.56,0.26,"Boehringer Ing., Koropi, GR",False,Weight Captured Separately,Freight Included in Commodity Cost,200mg,87.83
492,5036,116-ZA-T01,Pre-PQ Process,SCMS-40850,ASN-3611,South Africa,PMO - US,Direct Drop,DDP,Air,Pre-PQ Process,Date Not Captured,16-Jun-09,28-Jan-09,28-Jan-09,ARV,Adult,S. BUYS WHOLESALER,"Zidovudine 300mg, tablets, 60 Tabs",Zidovudine,Generic,Tablet,60,6800,82620.0,12.15,0.2,"Aurobindo Unit III, India",True,Weight Captured Separately,Freight Included in Commodity Cost,300mg,161.94
493,5037,116-ZA-T01,Pre-PQ Process,SCMS-40880,ASN-3610,South Africa,PMO - US,Direct Drop,DDP,Air,Pre-PQ Process,Date Not Captured,7-Jul-09,2-Feb-09,2-Feb-09,ARV,Adult,S. BUYS WHOLESALER,"Efavirenz 600mg, tablets, 30 Tabs",Efavirenz,Generic,Tablet,30,3414,49810.26,14.59,0.49,"Cipla, Goa, India",True,Weight Captured Separately,Freight Included in Commodity Cost,600mg,97.63
494,5041,116-ZA-T01,Pre-PQ Process,SCMS-41040,ASN-3623,South Africa,PMO - US,Direct Drop,DDP,Air,Pre-PQ Process,Date Not Captured,7-Apr-09,3-Dec-08,3-Dec-08,ARV,Adult,S. BUYS WHOLESALER,"Zidovudine 300mg [Retrovir], tablets, 60 Tabs",Zidovudine,Retrovir,Tablet,60,5000,62750.0,12.55,0.21,GSK Aranda,False,Weight Captured Separately,Freight Included in Commodity Cost,300mg,122.99
495,5042,116-ZA-T01,Pre-PQ Process,SCMS-41060,ASN-3624,South Africa,PMO - US,Direct Drop,DDP,Air,Pre-PQ Process,Date Not Captured,5-May-09,23-Dec-08,23-Dec-08,ARV,Adult,S. BUYS WHOLESALER,"Efavirenz 600mg, tablets, 30 Tabs",Efavirenz,Generic,Tablet,30,6215,102609.65,16.51,0.55,"Aurobindo Unit III, India",False,Weight Captured Separately,Freight Included in Commodity Cost,600mg,201.11
496,5043,116-ZA-T01,Pre-PQ Process,SCMS-41060,ASN-3624,South Africa,PMO - US,Direct Drop,DDP,Air,Pre-PQ Process,Date Not Captured,5-May-09,23-Dec-08,23-Dec-08,ARV,Pediatric,S. BUYS WHOLESALER,"Efavirenz 50mg [Stocrin/Sustiva], capsule, 30 Caps",Efavirenz,Stocrin/Sustiva,Capsule,30,3000,7470.0,2.49,0.08,"MSD Midrand, J'burg, SA",False,Weight Captured Separately,Freight Included in Commodity Cost,50mg,14.64
497,5044,116-ZA-T01,Pre-PQ Process,SCMS-41080,ASN-3637,South Africa,PMO - US,Direct Drop,DDP,Air,Pre-PQ Process,Date Not Captured,26-May-09,22-Jan-09,22-Jan-09,ARV,Pediatric,S. BUYS WHOLESALER,"Efavirenz 50mg, capsule, 30 Caps",Efavirenz,Generic,Capsule,30,500,1530.0,3.06,0.1,"Aurobindo Unit III, India",False,Weight Captured Separately,Freight Included in Commodity Cost,50mg,3.0
498,5045,116-ZA-T01,Pre-PQ Process,SCMS-41140,ASN-3752,South Africa,PMO - US,Direct Drop,DDP,Air,Pre-PQ Process,Date Not Captured,31-Mar-09,21-Nov-08,21-Nov-08,ARV,Adult,S. BUYS WHOLESALER,"Efavirenz 600mg, tablets, 30 Tabs",Efavirenz,Generic,Tablet,30,1200,14532.0,12.11,0.4,"Cipla, Goa, India",False,Weight Captured Separately,Freight Included in Commodity Cost,600mg,28.48
499,5046,116-ZA-T01,Pre-PQ Process,SCMS-41140,ASN-3752,South Africa,PMO - US,Direct Drop,DDP,Air,Pre-PQ Process,Date Not Captured,31-Mar-09,21-Nov-08,21-Nov-08,ARV,Adult,S. BUYS WHOLESALER,"Tenofovir Disoproxil Fumarate 300mg [Viread], tablets, 30 Tabs",Tenofovir Disoproxil Fumarate,Viread,Tablet,30,500,8820.0,17.64,0.59,"Aspen-OSD, Port Elizabeth, SA",False,Weight Captured Separately,Freight Included in Commodity Cost,300mg,17.29
500,5047,116-ZA-T01,Pre-PQ Process,SCMS-41140,ASN-3752,South Africa,PMO - US,Direct Drop,DDP,Air,Pre-PQ Process,Date Not Captured,31-Mar-09,21-Nov-08,21-Nov-08,ARV,Adult,S. BUYS WHOLESALER,"Emtricitabine/Tenofovir Disoproxil Fumarate 200/300mg [Truvada], tablets, 30 Tabs",Emtricitabine/Tenofovir Disoproxil Fumarate,Truvada,Tablet - FDC,30,80,2336.0,29.2,0.97,"Aspen-OSD, Port Elizabeth, SA",False,Weight Captured Separately,Freight Included in Commodity Cost,300/200mg,4.58
501,5048,116-ZA-T01,Pre-PQ Process,SCMS-41150,ASN-3759,South Africa,PMO - US,Direct Drop,DDP,Air,Pre-PQ Process,Date Not Captured,1-Apr-09,21-Nov-08,21-Nov-08,ARV,Pediatric,S. BUYS WHOLESALER,"Ritonavir 80mg/ml [Norvir], oral solution, cool, Bottle, 90 ml",Ritonavir,Norvir,Oral solution,90,1,5.97,5.97,0.07,ABBVIE (Abbott) France,True,Weight Captured Separately,Freight Included in Commodity Cost,80mg/ml,0.01
502,5049,116-ZA-T01,Pre-PQ Process,SCMS-41160,ASN-3760,South Africa,PMO - US,Direct Drop,DDP,Air,Pre-PQ Process,Date Not Captured,1-Apr-09,26-Nov-08,26-Nov-08,ARV,Adult,S. BUYS WHOLESALER,"Zidovudine 300mg [Retrovir], tablets, 60 Tabs",Zidovudine,Retrovir,Tablet,60,500,6555.0,13.11,0.22,GSK Aranda,True,Weight Captured Separately,1521.4,300mg,12.85
503,5050,116-ZA-T01,Pre-PQ Process,SCMS-41180,ASN-3778,South Africa,PMO - US,Direct Drop,DDP,Air,Pre-PQ Process,Date Not Captured,3-Apr-09,11-Feb-09,11-Feb-09,ARV,Adult,S. BUYS WHOLESALER,"Stavudine 20mg [Zerit], capsules, 60 Caps",Stavudine,Zerit,Capsule,60,300,1179.0,3.93,0.07,"BMS Meymac, France",True,Weight Captured Separately,Freight Included in Commodity Cost,20mg,2.31
504,5051,116-ZA-T01,Pre-PQ Process,SCMS-41190,ASN-3732,South Africa,PMO - US,Direct Drop,DDP,Air,Pre-PQ Process,Date Not Captured,30-Mar-09,21-Jan-09,21-Jan-09,ARV,Pediatric,S. BUYS WHOLESALER,"Efavirenz 50mg [Stocrin/Sustiva], capsule, 30 Caps",Efavirenz,Stocrin/Sustiva,Capsule,30,80,188.8,2.36,0.08,"MSD Midrand, J'burg, SA",False,Weight Captured Separately,Freight Included in Commodity Cost,50mg,0.37
505,5052,116-ZA-T01,Pre-PQ Process,SCMS-41190,ASN-3732,South Africa,PMO - US,Direct Drop,DDP,Air,Pre-PQ Process,Date Not Captured,30-Mar-09,21-Jan-09,21-Jan-09,ARV,Adult,S. BUYS WHOLESALER,"Saquinavir 200mg [Invirase], capsules, 270 Caps",Saquinavir,Invirase,Capsule,270,28,1578.92,56.39,0.21,Roche Basel,False,Weight Captured Separately,Freight Included in Commodity Cost,200mg,3.09
506,5053,116-ZA-T01,Pre-PQ Process,SCMS-41190,ASN-3732,South Africa,PMO - US,Direct Drop,DDP,Air,Pre-PQ Process,Date Not Captured,30-Mar-09,21-Jan-09,21-Jan-09,ARV,Pediatric,S. BUYS WHOLESALER,"Efavirenz 200mg [Stocrin/Sustiva], capsule, 90 Caps",Efavirenz,Stocrin/Sustiva,Capsule,90,30,829.5,27.65,0.31,"MSD Midrand, J'burg, SA",False,Weight Captured Separately,Freight Included in Commodity Cost,200mg,1.63
507,5058,116-ZA-T01,Pre-PQ Process,SCMS-41465,ASN-4614,South Africa,PMO - US,Direct Drop,DDP,Air,Pre-PQ Process,3/18/2009,25-Jun-09,25-Jun-09,25-Jun-09,ARV,Pediatric,S. BUYS WHOLESALER,"Lamivudine 10mg/ml, oral solution, Bottle, 240 ml",Lamivudine,Generic,Oral solution,240,108,610.2,5.65,0.02,"Aurobindo Unit III, India",True,Weight Captured Separately,Freight Included in Commodity Cost,10mg/ml,1.2
508,5059,116-ZA-T01,Pre-PQ Process,SCMS-41586,ASN-4387,South Africa,PMO - US,Direct Drop,DDP,Air,Pre-PQ Process,3/27/2009,25-Jun-09,15-Apr-09,15-Apr-09,ARV,Adult,S. BUYS WHOLESALER,"Lamivudine 150mg, tablets, 60 Tabs",Lamivudine,Generic,Tablet,60,9620,68109.6,7.08,0.12,"Aurobindo Unit III, India",True,Weight Captured Separately,Freight Included in Commodity Cost,150mg,133.49
509,5066,144-BW-T01,Pre-PQ Process,SCMS-41890,ASN-3780,Botswana,PMO - US,Direct Drop,EXW,Air,Pre-PQ Process,3/25/2009,17-Apr-09,17-Apr-09,17-Apr-09,HRDT,HIV test,Orasure Technologies Inc.,"HIV 1/2, OraQuick Advance HIV Rapid Antibody Kit, 100 Tests","HIV 1/2, OraQuick Advance HIV Rapid Antibody Kit",OraQuick,Test kit,100,20,7000.0,350.0,3.5,"Pacific Biotech, Thailand",True,48,1119.99,,13.72
510,5076,116-ZA-T01,Pre-PQ Process,SCMS-42260,ASN-4333,South Africa,PMO - US,Direct Drop,DDP,Truck,Pre-PQ Process,4/2/2009,21-Apr-09,17-Apr-09,17-Apr-09,ARV,Adult,S. BUYS WHOLESALER,"Tenofovir Disoproxil Fumarate 300mg [Viread], tablets, 30 Tabs",Tenofovir Disoproxil Fumarate,Viread,Tablet,30,250,5315.0,21.26,0.71,"Aspen-OSD, Port Elizabeth, SA",True,Weight Captured Separately,Freight Included in Commodity Cost,300mg,10.42
511,5081,116-ZA-T01,Pre-PQ Process,SCMS-42430,ASN-4226,South Africa,PMO - US,Direct Drop,DDP,Truck,Pre-PQ Process,Date Not Captured,15-May-09,15-May-09,15-May-09,ARV,Pediatric,S. BUYS WHOLESALER,"Efavirenz 200mg [Stocrin/Sustiva], capsule, 90 Caps",Efavirenz,Stocrin/Sustiva,Capsule,90,100,3220.0,32.2,0.36,"MSD Midrand, J'burg, SA",True,Weight Captured Separately,Freight Included in Commodity Cost,200mg,6.31
512,5083,116-ZA-T01,Pre-PQ Process,SCMS-47380,ASN-4285,South Africa,PMO - US,Direct Drop,DDP,Truck,Pre-PQ Process,4/2/2009,15-May-09,21-Apr-09,21-Apr-09,ARV,Adult,S. BUYS WHOLESALER,"Lopinavir/Ritonavir 200/50mg [Aluvia], tablets, 120 Tabs",Lopinavir/Ritonavir,Aluvia,Tablet,120,400,14400.0,36.0,0.3,ABBVIE Ludwigshafen Germany,True,Weight Captured Separately,Freight Included in Commodity Cost,200/50mg,28.22
513,5113,107-RW-T01,Pre-PQ Process,SCMS-43900,ASN-4553,Rwanda,PMO - US,Direct Drop,CIP,Air,Pre-PQ Process,7/15/2009,12-Aug-09,12-Aug-09,12-Aug-09,ARV,Adult,HETERO LABS LIMITED,"Efavirenz 600mg, tablets, 30 Tabs",Efavirenz,Generic,Tablet,30,28034,195677.32,6.98,0.23,Hetero Unit III Hyderabad IN,True,2268,19023.36,600mg,383.53
514,5114,123-NG-T01,Pre-PQ Process,SCMS-43960,ASN-4533,Nigeria,PMO - US,Direct Drop,EXW,Air,Pre-PQ Process,4/10/2009,3-Sep-09,3-Sep-09,3-Sep-09,ACT,ACT,MISSIONPHARMA A/S,"Artemether/Lumefantrine 20/120mg [Coartem], scored tablets, Blister 30 x 18 Tabs",Artemether/Lumefantrine,Coartem,Tablet - FDC + blister,540,2000,70420.0,35.21,0.07,"Novartis Pharma Suffern, USA",True,1250,17170.07,20/120mg,138.02
515,5119,104-CI-T01,Pre-PQ Process,SCMS-44050,ASN-3985,Côte d'Ivoire,PMO - US,Direct Drop,EXW,Air,Pre-PQ Process,4/15/2009,10-Jun-09,9-Jun-09,9-Jun-09,HRDT,HIV test,BIO-RAD LABORATORIES (FRANCE),"#108853** HIV, Genie II HIV-1/HIV-2 Kit, 40 Tests","HIV, Genie II HIV-1/HIV-2 Kit",Genie,Test kit,40,476,52360.0,110.0,2.75,Bio-Rad Laboratories,True,534,9471.52,,102.63
516,5120,104-CI-T01,Pre-PQ Process,SCMS-44050,ASN-4095,Côte d'Ivoire,PMO - US,Direct Drop,EXW,Air,Pre-PQ Process,4/15/2009,10-Jun-09,17-Jun-09,17-Jun-09,HRDT,HIV test,BIO-RAD LABORATORIES (FRANCE),"#108853** HIV, Genie II HIV-1/HIV-2 Kit, 40 Tests","HIV, Genie II HIV-1/HIV-2 Kit",Genie,Test kit,40,18,1980.0,110.0,2.75,Bio-Rad Laboratories,True,20,2199.43,,3.88
517,5147,119-NA-T01,Pre-PQ Process,SCMS-44970,ASN-4081,Namibia,PMO - US,Direct Drop,EXW,Air,Pre-PQ Process,4/29/2009,27-May-09,27-May-09,27-May-09,HRDT,HIV test,"Trinity Biotech, Plc","HIV 1/2, Uni-Gold HIV Kit, 20 Tests","HIV 1/2, Uni-Gold HIV Kit",Uni-Gold,Test kit,20,6760,216320.0,32.0,1.6,"Trinity Biotech, Plc",True,2261,17643.81,,423.99
518,5175,109-TZ-T01,Pre-PQ Process,SCMS-46500,ASN-4223,Tanzania,PMO - US,Direct Drop,FCA,Air,Pre-PQ Process,5/28/2009,30-Jul-09,30-Jul-09,30-Jul-09,ARV,Adult,Hoffmann-La Roche ltd Basel,"Saquinavir 200mg [Invirase], capsules, 270 Caps",Saquinavir,Invirase,Capsule,270,820,73074.13,89.11,0.33,Roche Basel,True,424,3310.89,200mg,143.23
519,5194,116-ZA-T01,Pre-PQ Process,SCMS-47050,ASN-4819,South Africa,PMO - US,Direct Drop,DDP,Truck,Pre-PQ Process,6/5/2009,12-Oct-09,21-Jul-09,21-Jul-09,ARV,Adult,S. BUYS WHOLESALER,"Abacavir 300mg [Ziagen], tablets, Blister 6 x 10 Tabs",Abacavir,Ziagen,Tablet - blister,60,30,1081.8,36.06,0.6,GSK Ware (UK),False,Weight Captured Separately,Freight Included in Commodity Cost,300mg,2.12
520,5195,116-ZA-T01,Pre-PQ Process,SCMS-47051,ASN-4836,South Africa,PMO - US,Direct Drop,DDP,Truck,Pre-PQ Process,6/5/2009,12-Oct-09,28-Jul-09,28-Jul-09,ARV,Adult,S. BUYS WHOLESALER,"Lopinavir/Ritonavir 200/50mg [Aluvia], tablets, 120 Tabs",Lopinavir/Ritonavir,Aluvia,Tablet,120,200,8396.0,41.98,0.35,ABBVIE Ludwigshafen Germany,False,Weight Captured Separately,Freight Included in Commodity Cost,200/50mg,16.46
521,5199,141-NA-T01,Pre-PQ Process,SCMS-47160,ASN-4663,Namibia,PMO - US,Direct Drop,EXW,Air,Pre-PQ Process,6/4/2009,1-Sep-09,1-Sep-09,1-Sep-09,HRDT,HIV test,"Orgenics, Ltd","HIV 1/2, Clearview Complete Kit, 25 Tests","HIV 1/2, Clearview Complete Kit",Clearview,Test kit,25,4,300.0,75.0,3.0,Chembio Diagnostics Sys. Inc.,True,4,133.25,,0.59
522,5201,104-CI-T01,Pre-PQ Process,SCMS-42241,ASN-4812,Côte d'Ivoire,PMO - US,Direct Drop,CIP,Air,Pre-PQ Process,3/30/2009,15-Sep-09,15-Sep-09,15-Sep-09,ARV,Pediatric,ABBVIE LOGISTICS (FORMERLY ABBOTT LOGISTICS BV),"Lopinavir/Ritonavir 80/20mg/ml [Kaletra], oral solution, cool, Bottle 5 x 60 ml",Lopinavir/Ritonavir,Kaletra,Oral solution,300,20,822.0,41.1,0.14,ABBVIE (Abbott) Logis. UK,True,Weight Captured Separately,Freight Included in Commodity Cost,80/20mg/ml,1.61
523,5233,100-CI-T01,Pre-PQ Process,SCMS-3,ASN-6,Côte d'Ivoire,PMO - US,Direct Drop,EXW,Air,Pre-PQ Process,Date Not Captured,2-May-06,2-May-06,2-May-06,HRDT,HIV test,"Standard Diagnostics, Inc.","HIV 1/2, Bioline 3.0 Kit, (no accessories), 30 Tests","HIV 1/2, Bioline 3.0 Kit (no accessories)",Bioline,Test kit,30,31,734.7,23.7,0.79,"Standard Diagnostics, Korea",True,11,515.32,,
524,5243,104-CI-T01,Pre-PQ Process,SCMS-40,ASN-26,Côte d'Ivoire,PMO - US,Direct Drop,EXW,Air,Pre-PQ Process,Date Not Captured,8-Aug-06,8-Aug-06,8-Aug-06,HRDT,HIV test,RANBAXY Fine Chemicals LTD.,"HIV, Reveal G3 Rapid HIV-1 Antibody Test, 30 Tests","HIV, Reveal G3 Rapid HIV-1 Antibody Test",Reveal,Test kit,30,19,551.0,29.0,0.97,Ranbaxy Fine Chemicals LTD,True,13,859.53,,
525,5249,108-VN-T01,Pre-PQ Process,SCMS-79,ASN-53,Vietnam,PMO - US,Direct Drop,CIP,Air,Pre-PQ Process,Date Not Captured,15-Sep-06,15-Sep-06,15-Sep-06,ARV,Adult,ABBVIE LOGISTICS (FORMERLY ABBOTT LOGISTICS BV),"Lopinavir/Ritonavir 133.3/33.3mg [Kaletra], capsules, cool, 2 x 90 Caps",Lopinavir/Ritonavir,Kaletra,Capsule,180,198,35802.36,180.82,1.0,ABBVIE (Abbott) St. P'burg USA,True,389,7286.16,133.3/33.3mg,
526,5253,112-NG-T01,Pre-PQ Process,SCMS-87,ASN-57,Nigeria,PMO - US,Direct Drop,EXW,Air,Pre-PQ Process,Date Not Captured,28-Sep-06,28-Sep-06,28-Sep-06,ARV,Pediatric,Aurobindo Pharma Limited,"Nevirapine 10mg/ml, oral suspension, Bottle, 240 ml",Nevirapine,Generic,Oral suspension,240,416,2579.2,6.2,0.03,"Aurobindo Unit III, India",False,See ASN-57 (ID#:23),See ASN-57 (ID#:23),10mg/ml,
527,5260,104-CI-T01,Pre-PQ Process,SCMS-103,ASN-61,Côte d'Ivoire,PMO - US,Direct Drop,EXW,Air,Pre-PQ Process,Date Not Captured,6-Sep-06,6-Sep-06,6-Sep-06,ARV,Adult,Aurobindo Pharma Limited,"Lamivudine 150mg, tablets, 60 Tabs",Lamivudine,Generic,Tablet,60,16683,65897.85,3.95,0.07,"Aurobindo Unit III, India",True,1498,20257.08,150mg,
528,5261,104-CI-T01,Pre-PQ Process,SCMS-103,ASN-61,Côte d'Ivoire,PMO - US,Direct Drop,EXW,Air,Pre-PQ Process,Date Not Captured,6-Sep-06,6-Sep-06,6-Sep-06,ARV,Adult,Aurobindo Pharma Limited,"Stavudine 30mg, capsules, 60 Caps",Stavudine,Generic,Capsule,60,9321,29361.15,3.15,0.05,"Aurobindo Unit III, India",False,See ASN-61 (ID#:5260),See ASN-61 (ID#:5260),30mg,
529,5268,105-GY-T01,Pre-PQ Process,SCMS-122,ASN-116,Guyana,PMO - US,Direct Drop,EXW,Air,Pre-PQ Process,Date Not Captured,25-Dec-06,25-Dec-06,25-Dec-06,ARV,Adult,Aurobindo Pharma Limited,"Stavudine 15mg, capsules, 60 Caps",Stavudine,Generic,Capsule,60,602,1414.7,2.35,0.04,"Aurobindo Unit III, India",True,37,569.52,15mg,
530,5277,114-UG-T01,Pre-PQ Process,SCMS-159,ASN-125,Uganda,PMO - US,Direct Drop,EXW,Air,Pre-PQ Process,Date Not Captured,22-Dec-06,22-Dec-06,22-Dec-06,ARV,Adult,SUN PHARMACEUTICAL INDUSTRIES LTD (RANBAXY LABORATORIES LIMITED),"Lamivudine 150mg, tablets, 60 Tabs",Lamivudine,Generic,Tablet,60,6349,21269.15,3.35,0.06,"Ranbaxy, Paonta Shahib, India",True,369,2623.49,150mg,
531,5278,110-ZM-T01,Pre-PQ Process,SCMS-163,ASN-123,Zambia,PMO - US,Direct Drop,EXW,Air,Pre-PQ Process,Date Not Captured,20-Dec-06,20-Dec-06,20-Dec-06,ARV,Adult,Aurobindo Pharma Limited,"Nevirapine 200mg, tablets, 60 Tabs",Nevirapine,Generic,Tablet,60,33333,120332.13,3.61,0.06,"Aurobindo Unit III, India",False,See ASN-123 (ID#:2685),See ASN-123 (ID#:2685),200mg,
532,5279,108-VN-T01,Pre-PQ Process,SCMS-167,ASN-270,Vietnam,PMO - US,Direct Drop,EXW,Air,Pre-PQ Process,11/14/2006,14-Mar-07,14-Mar-07,14-Mar-07,ARV,Adult,SUN PHARMACEUTICAL INDUSTRIES LTD (RANBAXY LABORATORIES LIMITED),"Lamivudine 150mg, tablets, 60 Tabs",Lamivudine,Generic,Tablet,60,98400,329640.0,3.35,0.06,"Ranbaxy, Paonta Shahib, India",True,4300,27923.26,150mg,
533,5280,108-VN-T01,Pre-PQ Process,SCMS-476,ASN-387,Vietnam,PMO - US,Direct Drop,EXW,Air,Pre-PQ Process,11/14/2006,14-Mar-07,16-May-07,16-May-07,ARV,Pediatric,Aurobindo Pharma Limited,"Didanosine 100mg, chewable/dispersible tablets, 60 Tabs",Didanosine,Generic,Chewable/dispersible tablet,60,1700,17850.0,10.5,0.18,"Aurobindo Unit III, India",True,356,14982.1,100mg,
534,5281,108-VN-T01,Pre-PQ Process,SCMS-168,ASN-276,Vietnam,PMO - US,Direct Drop,EXW,Air,Pre-PQ Process,11/14/2006,14-Mar-07,14-Mar-07,14-Mar-07,ARV,Adult,Aurobindo Pharma Limited,"Abacavir 300mg, tablets, 60 Tabs",Abacavir,Generic,Tablet,60,700,30835.0,44.05,0.73,"Aurobindo Unit III, India",False,See ASN-276 (ID#:2686),See ASN-276 (ID#:2686),300mg,
535,5282,108-VN-T01,Pre-PQ Process,SCMS-168,ASN-276,Vietnam,PMO - US,Direct Drop,EXW,Air,Pre-PQ Process,11/14/2006,14-Mar-07,14-Mar-07,14-Mar-07,ARV,Adult,Aurobindo Pharma Limited,"Efavirenz 600mg, tablets, 30 Tabs",Efavirenz,Generic,Tablet,30,38300,641525.0,16.75,0.56,"Aurobindo Unit III, India",False,See ASN-276 (ID#:2686),See ASN-276 (ID#:2686),600mg,
536,5283,108-VN-T01,Pre-PQ Process,SCMS-172,ASN-302,Vietnam,PMO - US,Direct Drop,CIP,Air,Pre-PQ Process,11/29/2006,16-Apr-07,16-Apr-07,16-Apr-07,ARV,Adult,ABBVIE LOGISTICS (FORMERLY ABBOTT LOGISTICS BV),"Lopinavir/Ritonavir 200/50mg [Aluvia], tablets, 120 Tabs",Lopinavir/Ritonavir,Aluvia,Tablet,120,1320,238682.4,180.82,1.51,ABBVIE (Abbott) Logis. UK,True,304,13453.12,200/50mg,
537,5293,102-GY-T01,Pre-PQ Process,SCMS-225,ASN-113,Guyana,PMO - US,Direct Drop,EXW,Air,Pre-PQ Process,Date Not Captured,15-Nov-06,15-Nov-06,15-Nov-06,HRDT,HIV test,Abbott GmbH & Co. KG,"HIV 1/2, Determine Complete HIV Kit, 100 Tests","HIV 1/2, Determine Complete HIV Kit",Determine,Test kit,100,230,18400.0,80.0,0.8,ABBVIE GmbH & Co.KG Wiesbaden,True,38681,801.54,,
538,5294,102-NG-T01,Pre-PQ Process,SCMS-228,ASN-141,Nigeria,PMO - US,Direct Drop,EXW,Air,Pre-PQ Process,Date Not Captured,18-Jan-07,18-Jan-07,18-Jan-07,HRDT,HIV test,"Trinity Biotech, Plc","HIV 1/2, Uni-Gold HIV Kit, 20 Tests","HIV 1/2, Uni-Gold HIV Kit",Uni-Gold,Test kit,20,40,1600.0,40.0,2.0,"Trinity Biotech, Plc",True,14,713.58,,
539,5295,102-NG-T01,Pre-PQ Process,SCMS-229,ASN-155,Nigeria,PMO - US,Direct Drop,EXW,Air,Pre-PQ Process,Date Not Captured,17-Dec-06,17-Dec-06,17-Dec-06,HRDT,HIV test,Orasure Technologies Inc.,"HIV 1/2, OraQuick Advance HIV Rapid Antibody Kit, 100 Tests","HIV 1/2, OraQuick Advance HIV Rapid Antibody Kit",OraQuick,Test kit,100,8,3200.0,400.0,4.0,"Pacific Biotech, Thailand",True,Weight Captured Separately,Invoiced Separately,,
540,5303,113-ZW-T01,Pre-PQ Process,SCMS-348,ASN-286,Zimbabwe,PMO - US,Direct Drop,CIP,Air,Pre-PQ Process,1/19/2007,19-Mar-07,19-Mar-07,19-Mar-07,ARV,Pediatric,BRISTOL-MYERS SQUIBB,"Didanosine 50mg [Videx], chewable tablets, 60 Tabs",Didanosine,Videx,Chewable/dispersible tablet,60,54,513.0,9.5,0.16,"BMS Meymac, France",True,Weight Captured Separately,Freight Included in Commodity Cost,50mg,
541,5304,109-TZ-T01,Pre-PQ Process,SCMS-367,ASN-221,Tanzania,PMO - US,Direct Drop,EXW,Air,Pre-PQ Process,1/25/2007,23-Mar-07,23-Mar-07,23-Mar-07,HRDT,HIV test,"Trinity Biotech, Plc","HIV 1/2, Capillus HIV Kit, 100 Tests","HIV 1/2, Capillus HIV Kit",Capillus,Test kit,100,700,97300.0,139.0,1.39,"Trinity Biotech, Plc",True,488,3114.08,,
542,5324,102-GY-T01,Pre-PQ Process,SCMS-526,ASN-343,Guyana,PMO - US,Direct Drop,EXW,Air,Pre-PQ Process,4/2/2007,30-Apr-07,30-Apr-07,30-Apr-07,HRDT,HIV test,"Trinity Biotech, Plc","HIV 1/2, Uni-Gold HIV Kit, 20 Tests","HIV 1/2, Uni-Gold HIV Kit",Uni-Gold,Test kit,20,1000,32000.0,32.0,1.6,"Trinity Biotech, Plc",True,337,5240.47,,
543,5352,102-GY-T01,Pre-PQ Process,SCMS-765,ASN-575,Guyana,PMO - US,Direct Drop,EXW,Air,Pre-PQ Process,7/6/2007,7-Aug-07,7-Aug-07,7-Aug-07,HRDT,HIV test,"Trinity Biotech, Plc","HIV 1/2, Uni-Gold HIV Kit, 20 Tests","HIV 1/2, Uni-Gold HIV Kit",Uni-Gold,Test kit,20,1500,48000.0,32.0,1.6,"Trinity Biotech, Plc",True,515,8576.8,,76.8
544,5353,102-GY-T01,Pre-PQ Process,SCMS-767,ASN-620,Guyana,PMO - US,Direct Drop,EXW,Air,Pre-PQ Process,7/25/2007,9-Aug-07,21-Aug-07,21-Aug-07,HRDT,HIV test,"Orgenics, Ltd","HIV 1/2, Determine HIV Kit, without Lancets, 100 Tests","HIV 1/2, Determine HIV Kit, without Lancets",Determine,Test kit,100,300,21597.0,71.99,0.72,Inverness Japan,True,69,1398.6,,34.56
545,5364,104-CI-T01,Pre-PQ Process,SCMS-10070,ASN-640,Côte d'Ivoire,PMO - US,Direct Drop,CIP,Air,Pre-PQ Process,5/9/2007,24-Aug-07,24-Aug-07,24-Aug-07,ARV,Pediatric,BRISTOL-MYERS SQUIBB,"Didanosine 50mg [Videx], chewable tablets, 60 Tabs",Didanosine,Videx,Chewable/dispersible tablet,60,1577,14981.5,9.5,0.16,"BMS Meymac, France",True,309,Freight Included in Commodity Cost,50mg,23.97
546,5365,100-HT-T01,Pre-PQ Process,SCMS-10080,ASN-664,Haiti,PMO - US,Direct Drop,EXW,Air,Pre-PQ Process,7/26/2007,13-Aug-07,13-Aug-07,13-Aug-07,HRDT,HIV test - Ancillary,"Orgenics, Ltd","HIV, Lancet, Safety, for HIV Test kits, 100 Pcs","HIV, Lancet, Safety, for HIV Test kits, 100 Pcs",Generic,Test kit - Ancillary,100,450,4.5,0.01,0.0,Inverness Japan,True,Weight Captured Separately,Invoiced Separately,,0.01
547,5366,100-HT-T01,Pre-PQ Process,SCMS-10080,ASN-606,Haiti,PMO - US,Direct Drop,EXW,Air,Pre-PQ Process,7/26/2007,13-Aug-07,7-Aug-07,7-Aug-07,HRDT,HIV test - Ancillary,"Orgenics, Ltd","HIV, Lancet, Safety, for HIV Test kits, 100 Pcs","HIV, Lancet, Safety, for HIV Test kits, 100 Pcs",Generic,Test kit - Ancillary,100,300,3.0,0.01,0.0,Inverness Japan,True,24,240,,0.0
548,5428,104-CI-T01,Pre-PQ Process,SCMS-12400,ASN-794,Côte d'Ivoire,PMO - US,Direct Drop,EXW,Air,Pre-PQ Process,9/18/2007,23-Oct-07,23-Oct-07,23-Oct-07,HRDT,HIV test,"Standard Diagnostics, Inc.","HIV 1/2, Bioline 3.0 Kit, (no accessories), 30 Tests","HIV 1/2, Bioline 3.0 Kit (no accessories)",Bioline,Test kit,30,2000,47000.0,23.5,0.78,"Standard Diagnostics, Korea",True,750,7961.7,,75.2
549,5446,107-RW-T01,Pre-PQ Process,SCMS-13020,ASN-914,Rwanda,PMO - US,Direct Drop,EXW,Air,Pre-PQ Process,10/18/2007,19-Nov-07,19-Nov-07,19-Nov-07,HRDT,HIV test,Premier Medical Corporation Ltd.,"HIV 1/2/O, First Response HIV 1-2.0, v.3.0 Cards Kit, 30 Tests","HIV 1/2/O, First Response HIV 1-2.0, v.3.0 Cards Kit",First Response,Test kit,30,1400,23100.0,16.5,0.55,Premier Med. Corp Ltd. India,True,405,3616.95,,36.96
550,5507,116-ZA-T01,Pre-PQ Process,SCMS-14050,ASN-1251,South Africa,PMO - US,Direct Drop,DDP,,Pre-PQ Process,11/12/2007,29-Jan-08,29-Jan-08,29-Jan-08,ARV,Adult,"JSI R&T INSTITUTE, INC.","Efavirenz 600mg [Stocrin/Sustiva], tablets, 30 Tabs",Efavirenz,Stocrin/Sustiva,Tablet,30,600,12996.0,21.66,0.72,"MSD Midrand, J'burg, SA",False,Weight Captured Separately,Freight Included in Commodity Cost,600mg,20.79
551,5508,116-ZA-T01,Pre-PQ Process,SCMS-14050,ASN-1251,South Africa,PMO - US,Direct Drop,DDP,,Pre-PQ Process,11/12/2007,29-Jan-08,29-Jan-08,29-Jan-08,ARV,Pediatric,"JSI R&T INSTITUTE, INC.","Ritonavir 80mg/ml [Norvir], oral solution, cool, Bottle, 90 ml",Ritonavir,Norvir,Oral solution,90,3,28.95,9.65,0.11,ABBVIE (Abbott) France,False,Weight Captured Separately,Freight Included in Commodity Cost,80mg/ml,0.05
552,5509,116-ZA-T01,Pre-PQ Process,SCMS-14050,ASN-1251,South Africa,PMO - US,Direct Drop,DDP,,Pre-PQ Process,11/12/2007,29-Jan-08,29-Jan-08,29-Jan-08,ARV,Adult,"JSI R&T INSTITUTE, INC.","Lopinavir/Ritonavir 133.3/33.3mg [Kaletra], capsules, cool, 2 x 90 Caps",Lopinavir/Ritonavir,Kaletra,Capsule,180,400,19304.0,48.26,0.27,ABBVIE (Abbott) Logis. UK,False,Weight Captured Separately,Freight Included in Commodity Cost,133.3/33.3mg,30.89
553,5510,116-ZA-T01,Pre-PQ Process,SCMS-14050,ASN-1251,South Africa,PMO - US,Direct Drop,DDP,,Pre-PQ Process,11/12/2007,29-Jan-08,29-Jan-08,29-Jan-08,ARV,Adult,"JSI R&T INSTITUTE, INC.","Didanosine EC 250mg [Videx EC], delayed-release capsules, Blister 3 x 10 Caps",Didanosine EC,Videx EC,Delayed-release capsules - blister,30,100,2208.0,22.08,0.74,"BMS Meymac, France",False,Weight Captured Separately,Freight Included in Commodity Cost,250mg,3.53
554,5522,108-VN-T01,Pre-PQ Process,SCMS-14210,ASN-1340,Vietnam,PMO - US,Direct Drop,FCA,Air,Pre-PQ Process,11/22/2007,6-Mar-08,6-Mar-08,6-Mar-08,ARV,Adult,ABBVIE LOGISTICS (FORMERLY ABBOTT LOGISTICS BV),"Lopinavir/Ritonavir 200/50mg [Aluvia], tablets, 120 Tabs",Lopinavir/Ritonavir,Aluvia,Tablet,120,1000,82200.0,82.2,0.68,ABBVIE Ludwigshafen Germany,True,249,3120.92,200/50mg,131.52
555,5532,107-RW-T01,Pre-PQ Process,SCMS-14630,ASN-1198,Rwanda,PMO - US,Direct Drop,EXW,Air,Pre-PQ Process,12/10/2007,31-Jan-08,28-Jan-08,28-Jan-08,HRDT,HIV test,"Orgenics, Ltd","HIV 1/2, Determine HIV Kit, without Lancets, 100 Tests","HIV 1/2, Determine HIV Kit, without Lancets",Determine,Test kit,100,1500,107985.0,71.99,0.72,Inverness Japan,True,340,9479.89,,172.78
556,5534,108-VN-T01,Pre-PQ Process,SCMS-14760,ASN-1230,Vietnam,PMO - US,Direct Drop,EXW,Air,Pre-PQ Process,12/5/2007,1-Feb-08,1-Feb-08,1-Feb-08,ARV,Adult,Aurobindo Pharma Limited,"Stavudine 15mg, capsules, 60 Caps",Stavudine,Generic,Capsule,60,600,900.0,1.5,0.02,"Aurobindo Unit III, India",False,See ASN-1230 (ID#:1530),See ASN-1230 (ID#:1530),15mg,1.44
557,5551,100-HT-T01,Pre-PQ Process,SCMS-15480,ASN-1403,Haiti,PMO - US,Direct Drop,EXW,Air,Pre-PQ Process,Date Not Captured,10-Mar-08,10-Mar-08,10-Mar-08,HRDT,HIV test,"Trinity Biotech, Plc","HIV 1/2, Capillus HIV Kit, 100 Tests","HIV 1/2, Capillus HIV Kit",Capillus,Test kit,100,2,278.0,139.0,1.39,"Trinity Biotech, Plc",True,1,897.52,,0.44
558,5575,116-ZA-T01,Pre-PQ Process,SCMS-16600,ASN-1520,South Africa,PMO - US,Direct Drop,DDP,,Pre-PQ Process,1/4/2008,21-Jan-08,4-Jan-08,4-Jan-08,ARV,Adult,"JSI R&T INSTITUTE, INC.","Stavudine 40mg [Zerit], capsules, 60 Caps",Stavudine,Zerit,Capsule,60,200,1146.0,5.73,0.1,"BMS Meymac, France",False,Weight Captured Separately,Freight Included in Commodity Cost,40mg,1.83
559,5589,102-BW-T01,Pre-PQ Process,SCMS-16720,ASN-1402,Botswana,PMO - US,Direct Drop,EXW,Air,Pre-PQ Process,2/4/2008,3-Apr-08,3-Apr-08,3-Apr-08,HRDT,HIV test,"Trinity Biotech, Plc","HIV 1/2, Uni-Gold HIV Kit, 20 Tests","HIV 1/2, Uni-Gold HIV Kit",Uni-Gold,Test kit,20,450,14400.0,32.0,1.6,"Trinity Biotech, Plc",True,155,1625.08,,23.04
560,5590,102-NG-T01,Pre-PQ Process,SCMS-16890,ASN-1874,Nigeria,PMO - US,Direct Drop,EXW,Air,Pre-PQ Process,1/29/2008,19-Sep-08,20-Jun-08,20-Jun-08,HRDT,HIV test,"CHEMBIO DIAGNOSTIC SYSTEMS, INC.","HIV 1/2, Stat-Pak HIV, Kit, 20 Tests","HIV 1/2, Stat-Pak HIV, Kit",Stat-Pak,Test kit,20,7301,197127.0,27.0,1.35,Chembio Diagnostics Sys. Inc.,True,2093,16036.94,,315.4
561,5595,128-BJ-T01,Pre-PQ Process,SCMS-17280,ASN-1412,Benin,PMO - US,Direct Drop,EXW,Air,Pre-PQ Process,2/6/2008,10-Mar-08,10-Mar-08,10-Mar-08,HRDT,HIV test - Ancillary,"Orgenics, Ltd","HIV, Lancet, Safety, for HIV Test kits, 100 Pcs","HIV, Lancet, Safety, for HIV Test kits, 100 Pcs",Generic,Test kit - Ancillary,100,1436,14.36,0.01,0.0,Inverness Japan,True,Weight Captured Separately,Invoiced Separately,,0.02
562,5596,128-BJ-T01,Pre-PQ Process,SCMS-17280,ASN-1380,Benin,PMO - US,Direct Drop,EXW,Air,Pre-PQ Process,2/6/2008,10-Mar-08,4-Mar-08,4-Mar-08,HRDT,HIV test,"Orgenics, Ltd","HIV 1/2, Determine HIV Kit, without Lancets, 100 Tests","HIV 1/2, Determine HIV Kit, without Lancets",Determine,Test kit,100,1436,103377.64,71.99,0.72,Inverness Japan,True,327,6687.51,,165.4
563,5622,110-ZM-T01,Pre-PQ Process,SCMS-18070,ASN-1577,Zambia,PMO - US,Direct Drop,EXW,Air,Pre-PQ Process,2/25/2008,22-Apr-08,22-Apr-08,22-Apr-08,HRDT,HIV test - Ancillary,"Orgenics, Ltd","HIV, Lancet, Safety, for HIV Test kits, 100 Pcs","HIV, Lancet, Safety, for HIV Test kits, 100 Pcs",Generic,Test kit - Ancillary,100,2000,20.0,0.01,0.0,Inverness Japan,True,Weight Captured Separately,Invoiced Separately,,0.03
564,5634,104-CI-T01,Pre-PQ Process,SCMS-18300,ASN-3434,Côte d'Ivoire,PMO - US,Direct Drop,EXW,Air,Pre-PQ Process,3/3/2008,19-Mar-09,19-Mar-09,19-Mar-09,HRDT,HIV test,"Standard Diagnostics, Inc.","HIV 1/2, Bioline 3.0 Kit, Lancets, Capillary pipets, Alcohol swabs included, 25 Tests","HIV 1/2, Bioline 3.0 Kit, Lancets, Capillary pipets, Alcohol swabs included",Bioline,Test kit,25,659,13180.0,20.0,0.8,"Standard Diagnostics, Korea",True,206,2358.13,,25.83
565,5635,102-LS-T01,Pre-PQ Process,SCMS-18370,ASN-1660,Lesotho,PMO - US,Direct Drop,EXW,Air,Pre-PQ Process,2/27/2008,14-Jul-08,14-Jul-08,14-Jul-08,HRDT,HIV test,Orasure Technologies Inc.,"HIV 1/2, OraQuick Advance HIV Rapid Antibody Kit, 100 Tests","HIV 1/2, OraQuick Advance HIV Rapid Antibody Kit",OraQuick,Test kit,100,7,2450.0,350.0,3.5,"Pacific Biotech, Thailand",True,17,587.63,,3.92
566,5645,102-BW-T01,Pre-PQ Process,SCMS-18730,ASN-1608,Botswana,PMO - US,Direct Drop,EXW,Air,Pre-PQ Process,3/11/2008,23-Jun-08,4-Jun-08,4-Jun-08,HRDT,HIV test,"Orgenics, Ltd","HIV 1/2, Determine HIV Kit, without Lancets, 100 Tests","HIV 1/2, Determine HIV Kit, without Lancets",Determine,Test kit,100,200,14398.0,71.99,0.72,Inverness Japan,True,46,1028.18,,23.04
567,5646,123-NG-T01,Pre-PQ Process,SCMS-18740,ASN-1553,Nigeria,PMO - US,Direct Drop,EXW,Air,Pre-PQ Process,3/11/2008,8-May-08,7-Apr-08,7-Apr-08,HRDT,HIV test - Ancillary,"Orgenics, Ltd","HIV, Lancet, Safety, for HIV Test kits, 100 Pcs","HIV, Lancet, Safety, for HIV Test kits, 100 Pcs",Generic,Test kit - Ancillary,100,285,2.85,0.01,0.0,Inverness Japan,True,Weight Captured Separately,Invoiced Separately,,0.0
568,5647,114-UG-T01,Pre-PQ Process,SCMS-18750,ASN-1618,Uganda,PMO - US,Direct Drop,EXW,Air,Pre-PQ Process,3/11/2008,22-May-08,22-May-08,22-May-08,HRDT,HIV test - Ancillary,"Orgenics, Ltd","HIV, Lancet, Safety, for HIV Test kits, 100 Pcs","HIV, Lancet, Safety, for HIV Test kits, 100 Pcs",Generic,Test kit - Ancillary,100,850,8.5,0.01,0.0,Inverness Japan,True,56,360,,0.01
569,5657,114-UG-T01,Pre-PQ Process,SCMS-18900,ASN-1543,Uganda,PMO - US,Direct Drop,EXW,Air,Pre-PQ Process,3/14/2008,2-Jun-08,2-Jun-08,2-Jun-08,HRDT,HIV test,"CHEMBIO DIAGNOSTIC SYSTEMS, INC.","HIV 1/2, Stat-Pak HIV, Kit, 20 Tests","HIV 1/2, Stat-Pak HIV, Kit",Stat-Pak,Test kit,20,1275,34425.0,27.0,1.35,Chembio Diagnostics Sys. Inc.,True,483,4193.88,,55.08
570,5658,114-UG-T01,Pre-PQ Process,SCMS-18910,ASN-1614,Uganda,PMO - US,Direct Drop,EXW,Air,Pre-PQ Process,3/13/2008,2-Jun-08,2-Jun-08,2-Jun-08,HRDT,HIV test,"Trinity Biotech, Plc","HIV 1/2, Uni-Gold HIV Kit, 20 Tests","HIV 1/2, Uni-Gold HIV Kit",Uni-Gold,Test kit,20,85,2720.0,32.0,1.6,"Trinity Biotech, Plc",True,85,1253.98,,4.35
571,5661,104-CI-T01,Pre-PQ Process,SCMS-19100,ASN-1598,Côte d'Ivoire,PMO - US,Direct Drop,EXW,Air,Pre-PQ Process,3/18/2008,30-May-08,30-May-08,30-May-08,HRDT,HIV test,BIO-RAD LABORATORIES (FRANCE),"#108853** HIV, Genie II HIV-1/HIV-2 Kit, 40 Tests","HIV, Genie II HIV-1/HIV-2 Kit",Genie,Test kit,40,331,25156.0,76.0,1.9,Bio-Rad Laboratories,True,366,7915.98,,40.25
572,5675,116-ZA-T01,Pre-PQ Process,SCMS-19800,ASN-1664,South Africa,PMO - US,Direct Drop,DDP,Truck,Pre-PQ Process,2/20/2008,24-Apr-08,29-Feb-08,29-Feb-08,ARV,Adult,S. BUYS WHOLESALER,"Zidovudine 300mg [Retrovir], tablets, 60 Tabs",Zidovudine,Retrovir,Tablet,60,1000,16400.0,16.4,0.27,GSK Aranda,False,Weight Captured Separately,Freight Included in Commodity Cost,300mg,26.24
573,5676,116-ZA-T01,Pre-PQ Process,SCMS-19800,ASN-1665,South Africa,PMO - US,Direct Drop,DDP,Truck,Pre-PQ Process,2/20/2008,24-Apr-08,24-Apr-08,24-Apr-08,ARV,Adult,S. BUYS WHOLESALER,"Lamivudine 150mg [Epivir], tablets, 60 Tabs",Lamivudine,Epivir,Tablet,60,3000,16350.0,5.45,0.09,GSK Cape Town Factory (South Africa),False,Weight Captured Separately,Freight Included in Commodity Cost,150mg,26.16
574,5677,116-ZA-T01,Pre-PQ Process,SCMS-19800,ASN-1665,South Africa,PMO - US,Direct Drop,DDP,Truck,Pre-PQ Process,2/20/2008,24-Apr-08,24-Apr-08,24-Apr-08,ARV,Adult,S. BUYS WHOLESALER,"Stavudine 20mg [Zerit], capsules, 60 Caps",Stavudine,Zerit,Capsule,60,200,978.0,4.89,0.08,"BMS Meymac, France",False,Weight Captured Separately,Freight Included in Commodity Cost,20mg,1.56
575,5678,116-ZA-T01,Pre-PQ Process,SCMS-19800,ASN-1665,South Africa,PMO - US,Direct Drop,DDP,Truck,Pre-PQ Process,2/20/2008,24-Apr-08,24-Apr-08,24-Apr-08,ARV,Adult,S. BUYS WHOLESALER,"Emtricitabine/Tenofovir Disoproxil Fumarate 200/300mg [Truvada], tablets, 30 Tabs",Emtricitabine/Tenofovir Disoproxil Fumarate,Truvada,Tablet - FDC,30,20,723.4,36.17,1.21,"Aspen-OSD, Port Elizabeth, SA",False,Weight Captured Separately,Freight Included in Commodity Cost,300/200mg,1.16
576,5701,108-VN-T01,Pre-PQ Process,SCMS-20200,ASN-2017,Vietnam,PMO - US,Direct Drop,EXW,Air,Pre-PQ Process,3/31/2008,14-Jul-08,14-Jul-08,14-Jul-08,ARV,Adult,Aurobindo Pharma Limited,"Abacavir 300mg, tablets, 60 Tabs",Abacavir,Generic,Tablet,60,500,12500.0,25.0,0.42,"Aurobindo Unit III, India",True,124,5217.59,300mg,20.0
577,5703,108-VN-T01,Pre-PQ Process,SCMS-20341,ASN-1691,Vietnam,PMO - US,Direct Drop,EXW,Air,Pre-PQ Process,4/10/2008,1-Jun-08,22-May-08,22-May-08,ARV,Adult,MYLAN LABORATORIES LTD (FORMERLY MATRIX LABORATORIES),"Tenofovir Disoproxil Fumarate 300mg, tablets, 30 Tabs",Tenofovir Disoproxil Fumarate,Generic,Tablet,30,2016,27538.56,13.66,0.46,Mylan (formerly Matrix) Nashik,True,122,2864.44,300mg,44.06
578,5713,104-CI-T01,Pre-PQ Process,SCMS-21270,ASN-1669,Côte d'Ivoire,PMO - US,Direct Drop,EXW,Air,Pre-PQ Process,4/7/2008,9-May-08,9-May-08,9-May-08,HRDT,HIV test,"Orgenics, Ltd","HIV 1/2, Determine HIV Kit, without Lancets, 100 Tests","HIV 1/2, Determine HIV Kit, without Lancets",Determine,Test kit,100,250,17997.5,71.99,0.72,Inverness Japan,True,57,1796.68,,28.8
579,5717,116-ZA-T01,Pre-PQ Process,SCMS-21460,ASN-1667,South Africa,PMO - US,Direct Drop,DDP,,Pre-PQ Process,4/4/2008,25-Apr-08,7-Apr-08,7-Apr-08,ARV,Adult,S. BUYS WHOLESALER,"Nevirapine 200mg [Viramune], tablets, 60 Tabs",Nevirapine,Viramune,Tablet,60,100,2030.0,20.3,0.34,"BI, Ingelheim, Germany",False,Weight Captured Separately,Freight Included in Commodity Cost,200mg,3.25
580,5769,102-BW-T01,Pre-PQ Process,SCMS-22770,ASN-2235,Botswana,PMO - US,Direct Drop,EXW,Air,Pre-PQ Process,4/28/2008,20-Jan-09,20-Jan-09,20-Jan-09,HRDT,HIV test - Ancillary,"Orgenics, Ltd","HIV, Lancet, Safety, for HIV Test kits, 100 Pcs","HIV, Lancet, Safety, for HIV Test kits, 100 Pcs",Generic,Test kit - Ancillary,100,100,1.0,0.01,0.0,Inverness Japan,True,Weight Captured Separately,Invoiced Separately,,0.0
581,5793,108-VN-T01,Pre-PQ Process,SCMS-23340,ASN-2277,Vietnam,PMO - US,Direct Drop,EXW,Air,Pre-PQ Process,5/13/2008,19-Sep-08,19-Sep-08,19-Sep-08,ARV,Adult,Aurobindo Pharma Limited,"Lamivudine/Zidovudine 150/300mg, tablets, 60 Tabs",Lamivudine/Zidovudine,Generic,Tablet - FDC,60,3024,27972.0,9.25,0.15,"Aurobindo Unit III, India",True,703,10356.86,150/300mg,44.76
582,5794,108-VN-T01,Pre-PQ Process,SCMS-23350,ASN-2489,Vietnam,PMO - US,Direct Drop,FCA,Air,Pre-PQ Process,5/13/2008,16-Nov-08,16-Nov-08,16-Nov-08,ARV,Adult,ABBVIE LOGISTICS (FORMERLY ABBOTT LOGISTICS BV),"Lopinavir/Ritonavir 200/50mg [Aluvia], tablets, 120 Tabs",Lopinavir/Ritonavir,Aluvia,Tablet,120,1040,85488.0,82.2,0.68,ABBVIE Ludwigshafen Germany,True,251,2519.89,200/50mg,136.78
583,5796,108-VN-T01,Pre-PQ Process,SCMS-23440,ASN-2335,Vietnam,PMO - US,Direct Drop,EXW,Air,Pre-PQ Process,5/13/2008,20-Sep-08,20-Sep-08,20-Sep-08,ARV,Adult,MYLAN LABORATORIES LTD (FORMERLY MATRIX LABORATORIES),"Lamivudine 150mg, tablets, 60 Tabs",Lamivudine,Generic,Tablet,60,9576,24897.6,2.6,0.04,Mylan (formerly Matrix) Nashik,True,889,7884.8,150mg,39.84
584,5799,116-ZA-T01,Pre-PQ Process,SCMS-23500,ASN-2300,South Africa,PMO - US,Direct Drop,DDP,Truck,Pre-PQ Process,Date Not Captured,20-Aug-08,14-May-08,14-May-08,ARV,Adult,S. BUYS WHOLESALER,"Abacavir 300mg [Ziagen], tablets, Blister 6 x 10 Tabs",Abacavir,Ziagen,Tablet - blister,60,8,397.92,49.74,0.83,GSK Ware (UK),False,Weight Captured Separately,Freight Included in Commodity Cost,300mg,0.64
585,5800,116-ZA-T01,Pre-PQ Process,SCMS-23500,ASN-2293,South Africa,PMO - US,Direct Drop,DDP,Truck,Pre-PQ Process,Date Not Captured,20-Aug-08,8-May-08,8-May-08,ARV,Pediatric,S. BUYS WHOLESALER,"Didanosine 100mg [Videx],chewable tablets, 60 Tabs",Didanosine,Videx,Chewable/dispersible tablet,60,4,56.16,14.04,0.23,"BMS Meymac, France",False,Weight Captured Separately,Freight Included in Commodity Cost,100mg,0.09
586,5801,116-ZA-T01,Pre-PQ Process,SCMS-23500,ASN-2293,South Africa,PMO - US,Direct Drop,DDP,Truck,Pre-PQ Process,Date Not Captured,20-Aug-08,8-May-08,8-May-08,ARV,Adult,S. BUYS WHOLESALER,"Tenofovir Disoproxil Fumarate 300mg [Viread], tablets, 30 Tabs",Tenofovir Disoproxil Fumarate,Viread,Tablet,30,30,738.3,24.61,0.82,Gilead(Nycomed) Oranienburg DE,False,Weight Captured Separately,Freight Included in Commodity Cost,300mg,1.18
587,5802,116-ZA-T01,Pre-PQ Process,SCMS-23500,ASN-2293,South Africa,PMO - US,Direct Drop,DDP,Truck,Pre-PQ Process,Date Not Captured,20-Aug-08,8-May-08,8-May-08,ARV,Pediatric,S. BUYS WHOLESALER,"Didanosine 2g [Videx], powder for oral solution 10mg/ml, reconstitute to 200 ml",Didanosine,Videx,Powder for oral solution,200,6,78.48,13.08,0.07,"BMS Meymac, France",False,Weight Captured Separately,Freight Included in Commodity Cost,2g,0.13
588,5815,106-HT-T01,Pre-PQ Process,SCMS-23800,ASN-2257,Haiti,PMO - US,Direct Drop,EXW,Air,Pre-PQ Process,5/20/2008,22-Aug-08,22-Aug-08,22-Aug-08,HRDT,HIV test,"Trinity Biotech, Plc","HIV 1/2, Capillus HIV Kit, 100 Tests","HIV 1/2, Capillus HIV Kit",Capillus,Test kit,100,121,16819.0,139.0,1.39,"Trinity Biotech, Plc",True,100,1372.85,,26.91
589,5818,106-HT-T01,Pre-PQ Process,SCMS-23920,ASN-2569,Haiti,PMO - US,Direct Drop,EXW,Air,Pre-PQ Process,5/20/2008,10-Oct-08,10-Oct-08,10-Oct-08,HRDT,HIV test,"Trinity Biotech, Plc","HIV 1/2, Capillus HIV Kit, 100 Tests","HIV 1/2, Capillus HIV Kit",Capillus,Test kit,100,84,11676.0,139.0,1.39,"Trinity Biotech, Plc",True,54,871.71,,18.68
590,5821,106-HT-T01,Pre-PQ Process,SCMS-24010,ASN-3087,Haiti,PMO - US,Direct Drop,CIP,Air,Pre-PQ Process,5/23/2008,14-Jan-09,14-Jan-09,14-Jan-09,HRDT,HIV test,Orasure Technologies Inc.,"HIV 1/2, OraQuick Advance HIV Rapid Antibody Kit, 100 Tests","HIV 1/2, OraQuick Advance HIV Rapid Antibody Kit",OraQuick,Test kit,100,28,9800.0,350.0,3.5,"Pacific Biotech, Thailand",True,Weight Captured Separately,Freight Included in Commodity Cost,,19.21
591,5857,107-RW-T01,Pre-PQ Process,SCMS-25140,ASN-2116,Rwanda,PMO - US,Direct Drop,EXW,Air,Pre-PQ Process,6/12/2008,22-Jul-08,22-Jul-08,22-Jul-08,HRDT,HIV test,"Orgenics, Ltd","HIV 1/2, Determine HIV Kit, without Lancets, 100 Tests","HIV 1/2, Determine HIV Kit, without Lancets",Determine,Test kit,100,4327,302890.0,70.0,0.7,Inverness Japan,True,986,26574.61,,484.62
592,5860,113-ZW-T01,Pre-PQ Process,SCMS-25300,ASN-2997,Zimbabwe,PMO - US,Direct Drop,EXW,Air,Pre-PQ Process,6/12/2008,22-Jan-09,22-Jan-09,22-Jan-09,HRDT,HIV test,"Orgenics, Ltd","HIV 1/2, Determine HIV Kit, without Lancets, 100 Tests","HIV 1/2, Determine HIV Kit, without Lancets",Determine,Test kit,100,1396,100498.04,71.99,0.72,Inverness Japan,True,414,5781.14,,196.98
593,5894,108-VN-T01,Pre-PQ Process,SCMS-26170,ASN-2339,Vietnam,PMO - US,Direct Drop,EXW,Air,Pre-PQ Process,7/1/2008,3-Sep-08,3-Sep-08,3-Sep-08,ARV,Adult,Aurobindo Pharma Limited,"Lamivudine 150mg, tablets, 60 Tabs",Lamivudine,Generic,Tablet,60,15960,38304.0,2.4,0.04,"Aurobindo Unit III, India",True,755,6609.02,150mg,61.29
594,5895,108-VN-T01,Pre-PQ Process,SCMS-26370,ASN-2337,Vietnam,PMO - US,Direct Drop,EXW,Air,Pre-PQ Process,7/1/2008,19-Sep-08,19-Sep-08,19-Sep-08,ARV,Adult,MYLAN LABORATORIES LTD (FORMERLY MATRIX LABORATORIES),"Tenofovir Disoproxil Fumarate 300mg, tablets, 30 Tabs",Tenofovir Disoproxil Fumarate,Generic,Tablet,30,5040,62294.4,12.36,0.41,Mylan (formerly Matrix) Nashik,True,301,4883.46,300mg,99.67
595,5905,109-TZ-T01,Pre-PQ Process,SCMS-26640,ASN-2408,Tanzania,PMO - US,Direct Drop,CIP,Air,Pre-PQ Process,7/4/2008,8-Sep-08,8-Sep-08,8-Sep-08,ARV,Pediatric,GLAXOSMITHKLINE EXPORT LIMITED,"Abacavir 20mg/ml [Ziagen], oral solution, Bottle, 240 ml",Abacavir,Ziagen,Oral solution,240,132,1990.56,15.08,0.06,GSK Mississauga (Canada),True,65,633,20mg/ml,3.18
596,5916,116-ZA-T01,Pre-PQ Process,SCMS-26820,ASN-2488,South Africa,PMO - US,Direct Drop,DDP,Truck,Pre-PQ Process,Date Not Captured,10-Jul-08,8-Jul-08,8-Jul-08,ARV,Adult,S. BUYS WHOLESALER,"Emtricitabine/Tenofovir Disoproxil Fumarate 200/300mg [Truvada], tablets, 30 Tabs",Emtricitabine/Tenofovir Disoproxil Fumarate,Truvada,Tablet - FDC,30,30,1171.5,39.05,1.3,"Aspen-OSD, Port Elizabeth, SA",False,Weight Captured Separately,Freight Included in Commodity Cost,300/200mg,1.87
597,5917,130-NG-T01,Pre-PQ Process,SCMS-26840,ASN-2554,Nigeria,PMO - US,Direct Drop,EXW,Air,Pre-PQ Process,7/15/2008,9-Oct-08,9-Oct-08,9-Oct-08,ANTM,Malaria,IDA FOUNDATION,"Sulfadoxine/Pyrimethamine 500/25mg, tablets, 1000 Tabs",Sulfadoxine/Pyrimethamine,Generic,Tablet - FDC,1000,7,184.45,26.35,0.03,"Micro Labs Ltd. (Brown & Burk), India",True,488,4404.9,500/25mg,0.3
598,5928,133-NG-T01,Pre-PQ Process,SCMS-27050,ASN-2694,Nigeria,PMO - US,Direct Drop,EXW,Air,Pre-PQ Process,7/18/2008,7-Nov-08,7-Nov-08,7-Nov-08,HRDT,HIV test,"CHEMBIO DIAGNOSTIC SYSTEMS, INC.","HIV 1/2, Stat-Pak HIV, Kit, 20 Tests","HIV 1/2, Stat-Pak HIV, Kit",Stat-Pak,Test kit,20,8485,229095.0,27.0,1.35,Chembio Diagnostics Sys. Inc.,True,2441,22229.32,,449.03
599,5935,108-VN-T01,Pre-PQ Process,SCMS-27290,ASN-2853,Vietnam,PMO - US,Direct Drop,FCA,Air,Pre-PQ Process,7/24/2008,2-Dec-08,2-Dec-08,2-Dec-08,ARV,Adult,ABBVIE LOGISTICS (FORMERLY ABBOTT LOGISTICS BV),"Lopinavir/Ritonavir 200/50mg [Aluvia], tablets, 120 Tabs",Lopinavir/Ritonavir,Aluvia,Tablet,120,6,493.2,82.2,0.68,ABBVIE Ludwigshafen Germany,True,9,2709.98,200/50mg,0.97
600,5936,108-VN-T01,Pre-PQ Process,SCMS-27320,ASN-2792,Vietnam,PMO - US,Direct Drop,EXW,Air,Pre-PQ Process,7/24/2008,21-Nov-08,21-Nov-08,21-Nov-08,ARV,Adult,Aurobindo Pharma Limited,"Abacavir 300mg, tablets, 60 Tabs",Abacavir,Generic,Tablet,60,880,20680.0,23.5,0.39,"Aurobindo Unit III, India",True,331,2771.84,300mg,40.53
601,5937,108-VN-T01,Pre-PQ Process,SCMS-27340,ASN-2862,Vietnam,PMO - US,Direct Drop,CIP,Air,Pre-PQ Process,7/23/2008,21-Nov-08,21-Nov-08,21-Nov-08,ARV,Pediatric,BRISTOL-MYERS SQUIBB,"Didanosine 25mg [Videx], chewable tablets, 60 Tabs",Didanosine,Videx,Chewable/dispersible tablet,60,280,1960.0,7.0,0.12,"BMS Meymac, France",True,60,1516.05,25mg,3.84
602,5976,117-ET-T01,Pre-PQ Process,SCMS-28720,ASN-2579,Ethiopia,PMO - US,Direct Drop,EXW,Air,Pre-PQ Process,8/22/2008,6-Oct-08,3-Oct-08,3-Oct-08,HRDT,HIV test,"SHANGHAI KEHUA BIOENGINEERING CO.,LTD.  (KHB)","HIV 1/2, SKB Colloidal Gold, Diagnostic Kit, Antibody, 50 Tests","HIV 1/2, Colloidal Gold, Diagnostic Kit, Antibody",Colloidal Gold,Test kit,1,6998,160954.0,23.0,23.0,"KHB Test Kit Facility, Shanghai China",True,5057,44347.71,,257.53
603,5978,116-ZA-T01,Pre-PQ Process,SCMS-28830,ASN-2503,South Africa,PMO - US,Direct Drop,DDP,Truck,Pre-PQ Process,Date Not Captured,25-Aug-08,14-Aug-08,14-Aug-08,ARV,Adult,S. BUYS WHOLESALER,"Stavudine 30mg [Zerit], capsules, 60 Caps",Stavudine,Zerit,Capsule,60,350,1736.0,4.96,0.08,"BMS Meymac, France",False,Weight Captured Separately,Freight Included in Commodity Cost,30mg,2.78
604,5979,116-ZA-T01,Pre-PQ Process,SCMS-28830,ASN-2503,South Africa,PMO - US,Direct Drop,DDP,Truck,Pre-PQ Process,Date Not Captured,25-Aug-08,14-Aug-08,14-Aug-08,ARV,Adult,S. BUYS WHOLESALER,"Didanosine EC 250mg [Videx EC], delayed-release capsules, Blister 3 x 10 Caps",Didanosine EC,Videx EC,Delayed-release capsules - blister,30,100,1828.0,18.28,0.61,"BMS Meymac, France",False,Weight Captured Separately,Freight Included in Commodity Cost,250mg,2.92
605,5987,104-CI-T01,Pre-PQ Process,SCMS-29160,ASN-2508,Côte d'Ivoire,PMO - US,Direct Drop,EXW,Air,Pre-PQ Process,8/28/2008,13-Oct-08,13-Oct-08,13-Oct-08,HRDT,HIV test,"Orgenics, Ltd","HIV 1/2, Determine HIV Kit, without Lancets, 100 Tests","HIV 1/2, Determine HIV Kit, without Lancets",Determine,Test kit,100,1174,82180.0,70.0,0.7,Inverness Japan,True,275,4015,,131.49
606,6023,106-HT-T01,Pre-PQ Process,DSCM-10090,ASN-2615,Haiti,PMO - US,Direct Drop,EXW,Air,Pre-PQ Process,Date Not Captured,16-Dec-08,16-Oct-08,16-Oct-08,ANTM,Malaria,IDA FOUNDATION,"Chloroquine 150mg base (as phosphate), [DON] tablets, 1000 Tabs",Chloroquine base (as phosphate),Generic,Tablet,1000,30,197.1,6.57,0.01,Meditab (for Cipla) Daman IN,True,3221,21015.77,150mg,0.39
607,6041,104-CI-T01,Pre-PQ Process,SCMS-30430,ASN-2799,Côte d'Ivoire,PMO - US,Direct Drop,EXW,Air,Pre-PQ Process,9/18/2008,5-Dec-08,5-Dec-08,5-Dec-08,HRDT,HIV test,"Orgenics, Ltd","HIV 1/2, Determine HIV Kit, without Lancets, 100 Tests","HIV 1/2, Determine HIV Kit, without Lancets",Determine,Test kit,100,1174,82180.0,70.0,0.7,Inverness Japan,True,268,5243.53,,161.07
608,6062,119-NA-T01,Pre-PQ Process,SCMS-31180,ASN-2717,Namibia,PMO - US,Direct Drop,EXW,Air,Pre-PQ Process,9/24/2008,29-Oct-08,29-Oct-08,29-Oct-08,HRDT,HIV test - Ancillary,"Orgenics, Ltd","HIV, Lancet, Safety, for HIV Test kits, 100 Pcs","HIV, Lancet, Safety, for HIV Test kits, 100 Pcs",Generic,Test kit - Ancillary,100,150,1.5,0.01,0.0,Inverness Japan,False,See ASN-2717 (ID#:791),See ASN-2717 (ID#:791),,0.0
609,6081,108-VN-T01,Pre-PQ Process,SCMS-31720,ASN-3312,Vietnam,PMO - US,Direct Drop,EXW,Air,Pre-PQ Process,10/21/2008,27-Feb-09,27-Feb-09,27-Feb-09,ARV,Adult,Aurobindo Pharma Limited,"Lamivudine 150mg, tablets, 60 Tabs",Lamivudine,Generic,Tablet,60,6966,16718.4,2.4,0.04,"Aurobindo Unit III, India",True,1068,3894.21,150mg,32.77
610,6082,108-VN-T01,Pre-PQ Process,SCMS-31730,ASN-3313,Vietnam,PMO - US,Direct Drop,EXW,Air,Pre-PQ Process,10/21/2008,23-Feb-09,23-Feb-09,23-Feb-09,ARV,Adult,Aurobindo Pharma Limited,"Nevirapine 200mg, tablets, 60 Tabs",Nevirapine,Generic,Tablet,60,4200,12180.0,2.9,0.05,"Aurobindo Unit III, India",False,See ASN-3313 (ID#:3456),See ASN-3313 (ID#:3456),200mg,23.87
611,6084,111-MZ-T01,Pre-PQ Process,SCMS-31770,ASN-2946,Mozambique,PMO - US,Direct Drop,EXW,Air,Pre-PQ Process,10/14/2008,29-Dec-08,29-Dec-08,29-Dec-08,HRDT,HIV test,"Trinity Biotech, Plc","HIV 1/2, Uni-Gold HIV Kit, 20 Tests","HIV 1/2, Uni-Gold HIV Kit",Uni-Gold,Test kit,20,4916,157312.0,32.0,1.6,"Trinity Biotech, Plc",True,1651,23300.18,,308.33
612,6105,117-ET-T01,Pre-PQ Process,SCMS-32400,ASN-3322,Ethiopia,PMO - US,Direct Drop,EXW,Air,Pre-PQ Process,10/22/2008,18-Feb-09,18-Feb-09,18-Feb-09,HRDT,HIV test,"Trinity Biotech, Plc","HIV 1/2, Uni-Gold HIV Kit, 20 Tests","HIV 1/2, Uni-Gold HIV Kit",Uni-Gold,Test kit,20,2500,80000.0,32.0,1.6,"Trinity Biotech, Plc",True,844,8101.57,,156.8
613,6106,117-ET-T01,Pre-PQ Process,SCMS-32410,ASN-2903,Ethiopia,PMO - US,Direct Drop,EXW,Air,Pre-PQ Process,10/22/2008,30-Jan-09,24-Nov-08,24-Nov-08,HRDT,HIV test,"CHEMBIO DIAGNOSTIC SYSTEMS, INC.","HIV 1/2, Stat-Pak HIV, Kit, 20 Tests","HIV 1/2, Stat-Pak HIV, Kit",Stat-Pak,Test kit,20,8964,242028.0,27.0,1.35,Chembio Diagnostics Sys. Inc.,True,3231,15619.2,,474.37
614,6111,117-ET-T01,Pre-PQ Process,SCMS-32630,ASN-3157,Ethiopia,PMO - US,Direct Drop,EXW,Air,Pre-PQ Process,10/27/2008,26-Jan-09,26-Jan-09,26-Jan-09,HRDT,HIV test,"SHANGHAI KEHUA BIOENGINEERING CO.,LTD.  (KHB)","HIV 1/2, SKB Colloidal Gold, Diagnostic Kit, Antibody, 50 Tests","HIV 1/2, Colloidal Gold, Diagnostic Kit, Antibody",Colloidal Gold,Test kit,1,3510,80730.0,23.0,23.0,"KHB Test Kit Facility, Shanghai China",True,2535,20083.74,,158.23
615,6125,116-ZA-T01,Pre-PQ Process,SCMS-33320,ASN-3553,South Africa,PMO - US,Direct Drop,DDP,Truck,Pre-PQ Process,Date Not Captured,17-May-09,9-Oct-08,9-Oct-08,ARV,Adult,S. BUYS WHOLESALER,"Nevirapine 200mg, tablets, 60 Tabs",Nevirapine,Generic,Tablet,60,120,2355.6,19.63,0.33,"Cipla, Goa, India",False,Weight Captured Separately,Freight Included in Commodity Cost,200mg,4.62
616,6139,102-GY-T01,Pre-PQ Process,SCMS-33940,ASN-3423,Guyana,PMO - US,Direct Drop,CIP,Air,Pre-PQ Process,11/19/2008,6-Mar-09,6-Mar-09,6-Mar-09,MRDT,Malaria,ZEPHYR BIOMEDICALS,"Malaria Paramax-3 Kit, 25 Tests",Malaria Paramax-3 Kit,Paramax,Test kit,25,108,4050.0,37.5,1.5,Not Applicable,True,Weight Captured Separately,Freight Included in Commodity Cost,,7.94
617,6196,104-CI-T01,Pre-PQ Process,SCMS-35780,ASN-3151,Côte d'Ivoire,PMO - US,Direct Drop,EXW,Air,Pre-PQ Process,12/19/2008,20-Jan-09,20-Jan-09,20-Jan-09,ANTM,Malaria,IDA FOUNDATION,"Quinine 300mg (as sulfate), tablets, Blister 100 x 10 Tabs",Quinine (as sulfate),Generic,Tablet - blister,1000,12,629.88,52.49,0.05,"Medopharm Malur Factory, INDIA",True,12,536.78,300mg,1.23
618,6253,139-NA-T01,Pre-PQ Process,SCMS-37070,ASN-3490,Namibia,PMO - US,Direct Drop,EXW,Air,Pre-PQ Process,1/14/2009,13-Mar-09,13-Mar-09,13-Mar-09,HRDT,HIV test,"Trinity Biotech, Plc","HIV 1/2, Uni-Gold HIV Kit, 20 Tests","HIV 1/2, Uni-Gold HIV Kit",Uni-Gold,Test kit,20,700,22400.0,32.0,1.6,"Trinity Biotech, Plc",True,236,6862.01,,43.9
619,6257,108-VN-T01,Pre-PQ Process,SCMS-37160,ASN-3561,Vietnam,PMO - US,Direct Drop,EXW,Air,Pre-PQ Process,1/16/2009,7-Apr-09,7-Apr-09,7-Apr-09,ARV,Adult,Aurobindo Pharma Limited,"Stavudine 30mg, capsules, 60 Caps",Stavudine,Generic,Capsule,60,9576,13885.2,1.45,0.02,"Aurobindo Unit III, India",False,See ASN-3561 (ID#:2297),See ASN-3561 (ID#:2297),30mg,27.21
620,6272,109-TZ-T01,Pre-PQ Process,SCMS-37790,ASN-3415,Tanzania,PMO - US,Direct Drop,EXW,Air,Pre-PQ Process,1/27/2009,31-Mar-09,31-Mar-09,31-Mar-09,HRDT,HIV test,"Orgenics, Ltd","HIV 1/2, Determine Complete HIV Kit, 100 Tests","HIV 1/2, Determine Complete HIV Kit",Determine,Test kit,100,1132,81504.0,72.0,0.72,Inverness Japan,True,337,4323.93,,159.75
621,6312,107-RW-T01,Pre-PQ Process,SCMS-38660,ASN-3458,Rwanda,PMO - US,Direct Drop,EXW,Air,Pre-PQ Process,2/18/2009,28-Apr-09,11-Mar-09,11-Mar-09,HRDT,HIV test,Premier Medical Corporation Ltd.,"HIV 1/2/O, First Response HIV 1-2.0, v.3.0 Cards Kit, 30 Tests","HIV 1/2/O, First Response HIV 1-2.0, v.3.0 Cards Kit",First Response,Test kit,30,3912,88020.0,22.5,0.75,Premier Med. Corp Ltd. India,True,1320,15022.74,,172.52
622,6369,106-HT-T01,Pre-PQ Process,SCMS-40030,ASN-3748,Haiti,PMO - US,Direct Drop,FCA,Air,Pre-PQ Process,3/6/2009,15-Apr-09,15-Apr-09,15-Apr-09,ARV,Adult,ABBVIE LOGISTICS (FORMERLY ABBOTT LOGISTICS BV),"Lopinavir/Ritonavir 200/50mg [Aluvia], tablets, 120 Tabs",Lopinavir/Ritonavir,Aluvia,Tablet,120,10,411.0,41.1,0.34,ABBVIE Ludwigshafen Germany,True,9,807.28,200/50mg,0.81
623,6381,108-VN-T01,Pre-PQ Process,SCMS-40390,ASN-3673,Vietnam,PMO - US,Direct Drop,CIP,Air,Pre-PQ Process,3/6/2009,26-Mar-09,26-Mar-09,26-Mar-09,ARV,Pediatric,BRISTOL-MYERS SQUIBB,"Didanosine 100mg [Videx],chewable tablets, 60 Tabs",Didanosine,Videx,Chewable/dispersible tablet,60,260,3315.0,12.75,0.21,"BMS Meymac, France",True,56,2246.81,100mg,6.5
624,6394,116-ZA-T01,Pre-PQ Process,SCMS-40780,ASN-3607,South Africa,PMO - US,Direct Drop,DDP,Air,Pre-PQ Process,Date Not Captured,17-Mar-09,28-Nov-08,28-Nov-08,ARV,Adult,S. BUYS WHOLESALER,"Lamivudine 150mg, tablets, 60 Tabs",Lamivudine,Generic,Tablet,60,5000,27450.0,5.49,0.09,"Aurobindo Unit III, India",False,Weight Captured Separately,Freight Included in Commodity Cost,150mg,53.8
625,6395,116-ZA-T01,Pre-PQ Process,SCMS-40810,ASN-3634,South Africa,PMO - US,Direct Drop,DDP,Air,Pre-PQ Process,Date Not Captured,31-Mar-09,2-Dec-08,2-Dec-08,ARV,Pediatric,S. BUYS WHOLESALER,"Stavudine 1mg/ml [Zerit], powder for oral solution, Bottle, 200 ml",Stavudine,Zerit,Powder for oral solution,200,1320,1504.8,1.14,0.01,"BMS Meymac, France",False,Weight Captured Separately,Freight Included in Commodity Cost,1mg/ml,2.95
626,6396,116-ZA-T01,Pre-PQ Process,SCMS-40810,ASN-3634,South Africa,PMO - US,Direct Drop,DDP,Air,Pre-PQ Process,Date Not Captured,31-Mar-09,2-Dec-08,2-Dec-08,ARV,Pediatric,S. BUYS WHOLESALER,"Stavudine 1mg/ml, powder for oral solution, 200 ml",Stavudine,Generic,Oral solution,200,500,1000.0,2.0,0.01,"Aurobindo Unit III, India",False,Weight Captured Separately,Freight Included in Commodity Cost,1mg/ml,1.96
627,6397,116-ZA-T01,Pre-PQ Process,SCMS-40820,ASN-3609,South Africa,PMO - US,Direct Drop,DDP,Air,Pre-PQ Process,Date Not Captured,14-Apr-09,4-Dec-08,4-Dec-08,ARV,Adult,S. BUYS WHOLESALER,"Stavudine 30mg [Zerit], capsules, 60 Caps",Stavudine,Zerit,Capsule,60,10260,39193.2,3.82,0.06,"BMS Meymac, France",False,Weight Captured Separately,Freight Included in Commodity Cost,30mg,76.82
628,6398,116-ZA-T01,Pre-PQ Process,SCMS-40850,ASN-3611,South Africa,PMO - US,Direct Drop,DDP,Air,Pre-PQ Process,Date Not Captured,16-Jun-09,28-Jan-09,28-Jan-09,ARV,Adult,S. BUYS WHOLESALER,"Stavudine 30mg, capsules, 60 Caps",Stavudine,Generic,Capsule,60,20213,50734.63,2.51,0.04,"Aurobindo Unit III, India",False,Weight Captured Separately,Freight Included in Commodity Cost,30mg,99.44
629,6399,116-ZA-T01,Pre-PQ Process,SCMS-41040,ASN-3623,South Africa,PMO - US,Direct Drop,DDP,Air,Pre-PQ Process,Date Not Captured,7-Apr-09,3-Dec-08,3-Dec-08,ARV,Adult,S. BUYS WHOLESALER,"Stavudine 30mg [Zerit], capsules, 60 Caps",Stavudine,Zerit,Capsule,60,1140,4286.4,3.76,0.06,"BMS Meymac, France",False,Weight Captured Separately,Freight Included in Commodity Cost,30mg,8.4
630,6400,116-ZA-T01,Pre-PQ Process,SCMS-41050,ASN-3635,South Africa,PMO - US,Direct Drop,DDP,Air,Pre-PQ Process,Date Not Captured,21-Apr-09,5-Dec-08,5-Dec-08,ARV,Pediatric,S. BUYS WHOLESALER,"Zidovudine 10mg/ml, oral solution, Bottle, 240 ml",Zidovudine,Generic,Oral solution,240,23,83.72,3.64,0.02,"Aurobindo Unit III, India",False,See ASN-3635 (ID#:3745),See ASN-3635 (ID#:3745),10mg/ml,0.16
631,6401,116-ZA-T01,Pre-PQ Process,SCMS-41140,ASN-3752,South Africa,PMO - US,Direct Drop,DDP,Air,Pre-PQ Process,Date Not Captured,31-Mar-09,21-Nov-08,21-Nov-08,ARV,Pediatric,S. BUYS WHOLESALER,"Stavudine 1mg/ml [Zerit], powder for oral solution, Bottle, 200 ml",Stavudine,Zerit,Powder for oral solution,200,400,440.0,1.1,0.01,"BMS Meymac, France",False,Weight Captured Separately,Freight Included in Commodity Cost,1mg/ml,0.86
632,6402,116-ZA-T01,Pre-PQ Process,SCMS-41160,ASN-3760,South Africa,PMO - US,Direct Drop,DDP,Air,Pre-PQ Process,Date Not Captured,1-Apr-09,26-Nov-08,26-Nov-08,ARV,Pediatric,S. BUYS WHOLESALER,"Lamivudine 10mg/ml [Epivir], oral solution, Bottle, 240 ml",Lamivudine,Epivir,Oral solution,240,156,845.52,5.42,0.02,GSK Mississauga (Canada),False,See ASN-3760 (ID#:5049),See ASN-3760 (ID#:5049),10mg/ml,1.66
633,6403,116-ZA-T01,Pre-PQ Process,SCMS-41170,ASN-3770,South Africa,PMO - US,Direct Drop,DDP,Air,Pre-PQ Process,Date Not Captured,18-Mar-09,18-Mar-09,18-Mar-09,ARV,Pediatric,S. BUYS WHOLESALER,"Lamivudine 10mg/ml [Epivir], oral solution, Bottle, 240 ml",Lamivudine,Epivir,Oral solution,240,44,237.6,5.4,0.02,GSK Mississauga (Canada),True,Weight Captured Separately,Freight Included in Commodity Cost,10mg/ml,0.47
634,6404,116-ZA-T01,Pre-PQ Process,SCMS-41190,ASN-3732,South Africa,PMO - US,Direct Drop,DDP,Air,Pre-PQ Process,Date Not Captured,30-Mar-09,21-Jan-09,21-Jan-09,ARV,Adult,S. BUYS WHOLESALER,"Efavirenz 600mg [Stocrin/Sustiva], tablets, 30 Tabs",Efavirenz,Stocrin/Sustiva,Tablet,30,1600,26624.0,16.64,0.55,"MSD Midrand, J'burg, SA",False,Weight Captured Separately,Freight Included in Commodity Cost,600mg,52.18
635,6405,116-ZA-T01,Pre-PQ Process,SCMS-41190,ASN-3732,South Africa,PMO - US,Direct Drop,DDP,Air,Pre-PQ Process,Date Not Captured,30-Mar-09,21-Jan-09,21-Jan-09,ARV,Adult,S. BUYS WHOLESALER,"Zidovudine 300mg [Retrovir], tablets, 60 Tabs",Zidovudine,Retrovir,Tablet,60,800,9856.0,12.32,0.21,GSK Aranda,False,Weight Captured Separately,Freight Included in Commodity Cost,300mg,19.32
636,6411,116-ZA-T01,Pre-PQ Process,SCMS-41463,ASN-5420,South Africa,PMO - US,Direct Drop,DDP,Air,Pre-PQ Process,3/18/2009,25-Jun-09,30-Oct-09,30-Oct-09,ARV,Pediatric,S. BUYS WHOLESALER,"Lamivudine 10mg/ml, oral solution, Bottle, 240 ml",Lamivudine,Generic,Oral solution,240,3304,18667.6,5.65,0.02,"Aurobindo Unit III, India",True,Weight Captured Separately,Freight Included in Commodity Cost,10mg/ml,40.25
637,6415,116-ZA-T01,Pre-PQ Process,SCMS-41582,ASN-4304,South Africa,PMO - US,Direct Drop,DDP,Air,Pre-PQ Process,3/27/2009,25-Jun-09,8-Apr-09,8-Apr-09,ARV,Pediatric,S. BUYS WHOLESALER,"Zidovudine 10mg/ml, oral solution, Bottle, 240 ml",Zidovudine,Generic,Oral solution,240,1200,7248.0,6.04,0.03,"Aurobindo Unit III, India",False,Weight Captured Separately,Freight Included in Commodity Cost,10mg/ml,14.21
638,6416,116-ZA-T01,Pre-PQ Process,SCMS-41585,ASN-4386,South Africa,PMO - US,Direct Drop,DDP,Air,Pre-PQ Process,3/27/2009,25-Jun-09,21-Apr-09,21-Apr-09,ARV,Adult,S. BUYS WHOLESALER,"Stavudine 30mg, capsules, 60 Caps",Stavudine,Generic,Capsule,60,2775,8325.0,3.0,0.05,"Aurobindo Unit III, India",False,Weight Captured Separately,Freight Included in Commodity Cost,30mg,16.32
639,6417,116-ZA-T01,Pre-PQ Process,SCMS-41586,ASN-4387,South Africa,PMO - US,Direct Drop,DDP,Air,Pre-PQ Process,3/27/2009,25-Jun-09,15-Apr-09,15-Apr-09,ARV,Pediatric,S. BUYS WHOLESALER,"Nevirapine 10mg/ml, oral suspension, Bottle, 240 ml",Nevirapine,Generic,Oral suspension,240,150,1407.0,9.38,0.04,"Aurobindo Unit III, India",False,Weight Captured Separately,Freight Included in Commodity Cost,10mg/ml,2.76
640,6418,116-ZA-T01,Pre-PQ Process,SCMS-41587,ASN-4602,South Africa,PMO - US,Direct Drop,DDP,Air,Pre-PQ Process,3/27/2009,25-Jun-09,16-Apr-09,16-Apr-09,ARV,Adult,S. BUYS WHOLESALER,"Efavirenz 600mg, tablets, 30 Tabs",Efavirenz,Generic,Tablet,30,6500,82030.0,12.62,0.42,"Aurobindo Unit III, India",True,Weight Captured Separately,Freight Included in Commodity Cost,600mg,160.78
641,6431,104-CI-T01,Pre-PQ Process,SCMS-42240,ASN-4457,Côte d'Ivoire,PMO - US,Direct Drop,FCA,Air,Pre-PQ Process,3/30/2009,24-Aug-09,24-Aug-09,24-Aug-09,ARV,Pediatric,ABBVIE LOGISTICS (FORMERLY ABBOTT LOGISTICS BV),"Lopinavir/Ritonavir 80/20mg/ml [Kaletra], oral solution, cool, Bottle 5 x 60 ml",Lopinavir/Ritonavir,Kaletra,Oral solution,300,50,2055.0,41.1,0.14,ABBVIE (Abbott) Logis. UK,True,99,1939.99,80/20mg/ml,4.03
642,6432,116-ZA-T01,Pre-PQ Process,SCMS-47400,ASN-4284,South Africa,PMO - US,Direct Drop,DDP,Truck,Pre-PQ Process,4/2/2009,21-Apr-09,21-Apr-09,21-Apr-09,ARV,Adult,S. BUYS WHOLESALER,"Tenofovir Disoproxil Fumarate 300mg [Viread], tablets, 30 Tabs",Tenofovir Disoproxil Fumarate,Viread,Tablet,30,650,13819.0,21.26,0.71,"Aspen-OSD, Port Elizabeth, SA",True,Weight Captured Separately,Freight Included in Commodity Cost,300mg,27.09
643,6436,116-ZA-T01,Pre-PQ Process,SCMS-47410,ASN-4281,South Africa,PMO - US,Direct Drop,DDP,Truck,Pre-PQ Process,4/2/2009,15-May-09,20-Apr-09,20-Apr-09,ARV,Adult,S. BUYS WHOLESALER,"Efavirenz 600mg, tablets, 30 Tabs",Efavirenz,Generic,Tablet,30,2000,25040.0,12.52,0.42,"Cipla, Goa, India",True,Weight Captured Separately,Freight Included in Commodity Cost,600mg,49.08
644,6437,116-ZA-T01,Pre-PQ Process,SCMS-47500,ASN-4332,South Africa,PMO - US,Direct Drop,DDP,Truck,Pre-PQ Process,4/2/2009,15-May-09,23-Apr-09,23-Apr-09,ARV,Adult,S. BUYS WHOLESALER,"Lamivudine 150mg, tablets, 60 Tabs",Lamivudine,Generic,Tablet,60,2000,14160.0,7.08,0.12,"Aurobindo Unit III, India",False,See ASN-4332 (ID#:1115),See ASN-4332 (ID#:1115),150mg,27.75
645,6438,116-ZA-T01,Pre-PQ Process,SCMS-47500,ASN-4332,South Africa,PMO - US,Direct Drop,DDP,Truck,Pre-PQ Process,4/2/2009,15-May-09,23-Apr-09,23-Apr-09,ARV,Pediatric,S. BUYS WHOLESALER,"Stavudine 1mg/ml, powder for oral solution, 200 ml",Stavudine,Generic,Oral solution,200,400,832.0,2.08,0.01,"Aurobindo Unit III, India",False,See ASN-4332 (ID#:1115),See ASN-4332 (ID#:1115),1mg/ml,1.63
646,6439,116-ZA-T01,Pre-PQ Process,SCMS-47500,ASN-4332,South Africa,PMO - US,Direct Drop,DDP,Truck,Pre-PQ Process,4/2/2009,15-May-09,23-Apr-09,23-Apr-09,ARV,Pediatric,S. BUYS WHOLESALER,"Nevirapine 10mg/ml, oral suspension, Bottle, 240 ml",Nevirapine,Generic,Oral suspension,240,80,750.4,9.38,0.04,"Aurobindo Unit III, India",False,See ASN-4332 (ID#:1115),See ASN-4332 (ID#:1115),10mg/ml,1.47
647,6440,116-ZA-T01,Pre-PQ Process,SCMS-42450,ASN-4772,South Africa,PMO - US,Direct Drop,DDP,Truck,Pre-PQ Process,4/2/2009,15-May-09,17-Jul-09,17-Jul-09,ARV,Adult,S. BUYS WHOLESALER,"Stavudine 20mg [Zerit], capsules, 60 Caps",Stavudine,Zerit,Capsule,60,24,94.8,3.95,0.07,"BMS Meymac, France",True,Weight Captured Separately,Freight Included in Commodity Cost,20mg,0.19
648,6450,104-CI-T01,Pre-PQ Process,SCMS-42590,ASN-4326,Côte d'Ivoire,PMO - US,Direct Drop,EXW,Air,Pre-PQ Process,5/27/2009,14-Jul-09,14-Jul-09,14-Jul-09,HRDT,HIV test,"Orgenics, Ltd","HIV 1/2, Determine HIV Kit, without Lancets, 100 Tests","HIV 1/2, Determine HIV Kit, without Lancets",Determine,Test kit,100,800,56000.0,70.0,0.7,Inverness Japan,True,182,3272.6,,109.76
649,6451,110-ZM-T01,Pre-PQ Process,SCMS-42620,ASN-4357,Zambia,PMO - US,Direct Drop,EXW,Air,Pre-PQ Process,4/2/2009,10-Jul-09,10-Jul-09,10-Jul-09,HRDT,HIV test,"Trinity Biotech, Plc","HIV 1/2, Uni-Gold HIV Kit, 20 Tests","HIV 1/2, Uni-Gold HIV Kit",Uni-Gold,Test kit,20,7000,224000.0,32.0,1.6,"Trinity Biotech, Plc",True,2379,21686.21,,439.04
650,6488,123-NG-T01,Pre-PQ Process,SCMS-43910,ASN-4959,Nigeria,PMO - US,Direct Drop,EXW,Air,Pre-PQ Process,4/10/2009,27-Oct-09,27-Oct-09,27-Oct-09,ACT,ACT,MISSIONPHARMA A/S,"Artemether/Lumefantrine 20/120mg [Coartem], scored tablets, Blister 30 x 18 Tabs",Artemether/Lumefantrine,Coartem,Tablet - FDC + blister,540,2000,70420.0,35.21,0.07,"Novartis Pharma Suffern, USA",True,10,14515.44,20/120mg,138.02
651,6517,108-VN-T01,Pre-PQ Process,SCMS-45080,ASN-4420,Vietnam,PMO - US,Direct Drop,EXW,Air,Pre-PQ Process,4/29/2009,10-Jul-09,10-Jul-09,10-Jul-09,ARV,Adult,Aurobindo Pharma Limited,"Stavudine 30mg, capsules, 60 Caps",Stavudine,Generic,Capsule,60,6048,8769.6,1.45,0.02,"Aurobindo Unit III, India",False,See ASN-4420 (ID#:1183),See ASN-4420 (ID#:1183),30mg,17.19
652,6519,102-BW-T01,Pre-PQ Process,SCMS-45090,ASN-4215,Botswana,PMO - US,Direct Drop,EXW,Air,Pre-PQ Process,4/30/2009,10-Jul-09,10-Jul-09,10-Jul-09,HRDT,HIV test,"Orgenics, Ltd","HIV 1/2, Determine HIV Kit, without Lancets, 100 Tests","HIV 1/2, Determine HIV Kit, without Lancets",Determine,Test kit,100,1200,84000.0,70.0,0.7,Inverness Japan,True,274,3321.08,,164.64
653,6524,139-NA-T01,Pre-PQ Process,SCMS-45420,ASN-3988,Namibia,PMO - US,Direct Drop,DDP,Air,Pre-PQ Process,4/30/2009,15-May-09,15-May-09,15-May-09,HRDT,HIV test,"Orgenics, Ltd","HIV 1/2, Clearview Complete Kit, 25 Tests","HIV 1/2, Clearview Complete Kit",Clearview,Test kit,25,7,525.0,75.0,3.0,Chembio Diagnostics Sys. Inc.,True,5,87.73,,1.03
654,6544,108-VN-T01,Pre-PQ Process,SCMS-46490,ASN-4179,Vietnam,PMO - US,Direct Drop,CIP,Air,Pre-PQ Process,5/25/2009,22-Jun-09,22-Jun-09,22-Jun-09,ARV,Pediatric,BRISTOL-MYERS SQUIBB,"Didanosine 25mg [Videx], chewable tablets, 60 Tabs",Didanosine,Videx,Chewable/dispersible tablet,60,120,840.0,7.0,0.12,"BMS Meymac, France",True,Weight Captured Separately,Freight Included in Commodity Cost,25mg,1.65
655,6546,108-VN-T01,Pre-PQ Process,SCMS-46550,ASN-4488,Vietnam,PMO - US,Direct Drop,CIP,Air,Pre-PQ Process,5/27/2009,28-Jul-09,28-Jul-09,28-Jul-09,ARV,Pediatric,BRISTOL-MYERS SQUIBB,"Didanosine 25mg [Videx], chewable tablets, 60 Tabs",Didanosine,Videx,Chewable/dispersible tablet,60,320,2240.0,7.0,0.12,"BMS Meymac, France",False,See ASN-4488 (ID#:1213),See ASN-4488 (ID#:1213),25mg,4.39
656,6561,116-ZA-T01,Pre-PQ Process,SCMS-46970,ASN-4822,South Africa,PMO - US,Direct Drop,DDP,Truck,Pre-PQ Process,6/5/2009,28-Jul-09,5-Aug-09,5-Aug-09,ARV,Pediatric,S. BUYS WHOLESALER,"Lopinavir/Ritonavir 80/20mg/ml [Kaletra], oral solution, cool, Bottle 5 x 60 ml",Lopinavir/Ritonavir,Kaletra,Oral solution,300,50,2099.0,41.98,0.14,ABBVIE (Abbott) Logis. UK,True,Weight Captured Separately,Freight Included in Commodity Cost,80/20mg/ml,4.11
657,6563,116-ZA-T01,Pre-PQ Process,SCMS-47051,ASN-4837,South Africa,PMO - US,Direct Drop,DDP,Truck,Pre-PQ Process,6/5/2009,12-Oct-09,3-Aug-09,3-Aug-09,ARV,Pediatric,S. BUYS WHOLESALER,"Efavirenz 200mg, capsule, 90 Caps",Efavirenz,Generic,Capsule,90,140,3540.6,25.29,0.28,"Aurobindo Unit III, India",False,Weight Captured Separately,Freight Included in Commodity Cost,200mg,6.94
658,6595,110-ZM-T01,Pre-PQ Process,SCMS-38,ASN-25,Zambia,PMO - US,Direct Drop,FCA,Air,Pre-PQ Process,Date Not Captured,28-Aug-06,28-Aug-06,28-Aug-06,HRDT,HIV test,Abbott GmbH & Co. KG,"HIV 1/2, Determine Complete HIV Kit, 100 Tests","HIV 1/2, Determine Complete HIV Kit",Determine,Test kit,100,500,40000.0,80.0,0.8,ABBVIE GmbH & Co.KG Wiesbaden,True,171,1187.19,,
659,6599,106-HT-T01,Pre-PQ Process,SCMS-76,ASN-76,Haiti,PMO - US,Direct Drop,CIP,Air,Pre-PQ Process,Date Not Captured,15-Sep-06,15-Sep-06,15-Sep-06,HRDT,HIV test,PLURIPHARM S.A.,"HIV 1/2, Capillus HIV Kit, 100 Tests","HIV 1/2, Capillus HIV Kit",Capillus,Test kit,100,12,3240.0,270.0,2.7,Not Applicable,True,Weight Captured Separately,Freight Included in Commodity Cost,,
660,6600,108-VN-T01,Pre-PQ Process,SCMS-78,ASN-51,Vietnam,PMO - US,Direct Drop,EXW,Air,Pre-PQ Process,Date Not Captured,1-Sep-06,1-Sep-06,1-Sep-06,ARV,Adult,SUN PHARMACEUTICAL INDUSTRIES LTD (RANBAXY LABORATORIES LIMITED),"Lamivudine 150mg, tablets, 60 Tabs",Lamivudine,Generic,Tablet,60,2080,8299.2,3.99,0.07,"Ranbaxy, Paonta Shahib, India",True,87,10657.19,150mg,
661,6601,108-VN-T01,Pre-PQ Process,SCMS-83,ASN-54,Vietnam,PMO - US,Direct Drop,EXW,Air,Pre-PQ Process,Date Not Captured,4-Sep-06,4-Sep-06,4-Sep-06,ARV,Adult,CIPLA LIMITED,"Efavirenz 600mg, tablets, 30 Tabs",Efavirenz,Generic,Tablet,30,19000,323000.0,17.0,0.57,"Cipla, Goa, India",True,1520,19044.32,600mg,
662,6608,104-CI-T01,Pre-PQ Process,SCMS-108,ASN-70,Côte d'Ivoire,PMO - US,Direct Drop,FCA,Air,Pre-PQ Process,Date Not Captured,27-Oct-06,27-Oct-06,27-Oct-06,HRDT,HIV test,Abbott GmbH & Co. KG,"HIV 1/2, Determine Complete HIV Kit, 100 Tests","HIV 1/2, Determine Complete HIV Kit",Determine,Test kit,100,600,48000.0,80.0,0.8,ABBVIE GmbH & Co.KG Wiesbaden,True,205503,4110.88,,
663,6621,114-UG-T01,Pre-PQ Process,SCMS-157,ASN-127,Uganda,PMO - US,Direct Drop,EXW,Air,Pre-PQ Process,Date Not Captured,21-Dec-06,21-Dec-06,21-Dec-06,ARV,Adult,Aurobindo Pharma Limited,"Stavudine 30mg, capsules, 60 Caps",Stavudine,Generic,Capsule,60,6349,12380.55,1.95,0.03,"Aurobindo Unit III, India",False,See ASN-127 (ID#:3955),See ASN-127 (ID#:3955),30mg,
664,6622,114-UG-T01,Pre-PQ Process,SCMS-160,ASN-124,Uganda,PMO - US,Direct Drop,EXW,Air,Pre-PQ Process,Date Not Captured,2-Jan-07,2-Jan-07,2-Jan-07,ARV,Adult,STRIDES ARCOLAB LIMITED,"Nevirapine 200mg, tablets, 60 Tabs",Nevirapine,Generic,Tablet,60,6349,21586.6,3.4,0.06,"Strides, Bangalore, India.",True,355,3181.2,200mg,
665,6623,110-ZM-T01,Pre-PQ Process,SCMS-162,ASN-115,Zambia,PMO - US,Direct Drop,CIP,Air,Pre-PQ Process,Date Not Captured,5-Dec-06,5-Dec-06,5-Dec-06,ARV,Pediatric,INTERNATIONAL HEALTHCARE DISTRIBUTORS,"Lopinavir/Ritonavir 80/20mg/ml [Kaletra], oral solution, cool, Bottle 5 x 60 ml",Lopinavir/Ritonavir,Kaletra,Oral solution,300,70,2877.0,41.1,0.14,ABBVIE (Abbott) Logis. UK,True,57,Freight Included in Commodity Cost,80/20mg/ml,
666,6624,110-ZM-T01,Pre-PQ Process,SCMS-164,ASN-146,Zambia,PMO - US,Direct Drop,EXW,Air,Pre-PQ Process,Date Not Captured,9-Jan-07,9-Jan-07,9-Jan-07,ARV,Adult,"GILEAD SCIENCES IRELAND, INC.","Emtricitabine/Tenofovir Disoproxil Fumarate 200/300mg [Truvada], tablets, 30 Tabs",Emtricitabine/Tenofovir Disoproxil Fumarate,Truvada,Tablet - FDC,30,14851,389838.75,26.25,0.88,Gilead(Nycomed) Oranienburg DE,True,1244,6546.69,300/200mg,
667,6625,108-VN-T01,Pre-PQ Process,SCMS-166,ASN-261,Vietnam,PMO - US,Direct Drop,EXW,Air,Pre-PQ Process,12/2/2006,16-Mar-07,16-Mar-07,16-Mar-07,ARV,Adult,"GILEAD SCIENCES IRELAND, INC.","Tenofovir Disoproxil Fumarate 300mg [Viread], tablets, 30 Tabs",Tenofovir Disoproxil Fumarate,Viread,Tablet,30,1900,32300.0,17.0,0.57,Gilead(Nycomed) Oranienburg DE,True,116,14571.5,300mg,
668,6626,108-VN-T01,Pre-PQ Process,SCMS-168,ASN-276,Vietnam,PMO - US,Direct Drop,EXW,Air,Pre-PQ Process,11/14/2006,14-Mar-07,14-Mar-07,14-Mar-07,ARV,Pediatric,Aurobindo Pharma Limited,"Stavudine 1mg/ml, powder for oral solution, 200 ml",Stavudine,Generic,Oral solution,200,1000,1450.0,1.45,0.01,"Aurobindo Unit III, India",False,See ASN-276 (ID#:2686),See ASN-276 (ID#:2686),1mg/ml,
669,6627,108-VN-T01,Pre-PQ Process,SCMS-170,ASN-273,Vietnam,PMO - US,Direct Drop,EXW,Air,Pre-PQ Process,11/15/2006,14-Mar-07,14-Mar-07,14-Mar-07,ARV,Adult,STRIDES ARCOLAB LIMITED,"Nevirapine 200mg, tablets, 60 Tabs",Nevirapine,Generic,Tablet,60,83000,282200.0,3.4,0.06,"Strides, Bangalore, India.",False,See ASN-273 (ID#:1283),See ASN-273 (ID#:1283),200mg,
670,6642,110-ZM-T01,Pre-PQ Process,SCMS-223,ASN-283,Zambia,PMO - US,Direct Drop,CIP,Air,Pre-PQ Process,12/5/2006,8-Mar-07,8-Mar-07,8-Mar-07,ARV,Pediatric,INTERNATIONAL HEALTHCARE DISTRIBUTORS,"Lopinavir/Ritonavir 80/20mg/ml [Kaletra], oral solution, cool, Bottle 5 x 60 ml",Lopinavir/Ritonavir,Kaletra,Oral solution,300,70,2877.0,41.1,0.14,ABBVIE (Abbott) Logis. UK,True,58,Freight Included in Commodity Cost,80/20mg/ml,
671,6647,107-RW-T01,Pre-PQ Process,SCMS-289,ASN-192,Rwanda,PMO - US,Direct Drop,EXW,Air,Pre-PQ Process,12/29/2006,25-Jan-07,25-Jan-07,25-Jan-07,HRDT,HIV test,"Trinity Biotech, Plc","HIV 1/2, Capillus HIV Kit, 100 Tests","HIV 1/2, Capillus HIV Kit",Capillus,Test kit,100,60,10500.0,175.0,1.75,"Trinity Biotech, Plc",True,39,859.37,,
672,6670,111-MZ-T01,Pre-PQ Process,SCMS-608,ASN-688,Mozambique,PMO - US,Direct Drop,CIP,Air,Pre-PQ Process,5/7/2007,6-Sep-07,6-Sep-07,6-Sep-07,ARV,Adult,INTERNATIONAL HEALTHCARE DISTRIBUTORS,"Didanosine EC 250mg [Videx EC], delayed-release capsules, Blister 3 x 10 Caps",Didanosine EC,Videx EC,Delayed-release capsules - blister,30,44,859.65,19.54,0.65,"BMS Meymac, France",True,Weight Captured Separately,Freight Included in Commodity Cost,250mg,1.38
673,6671,104-CI-T01,Pre-PQ Process,SCMS-609,ASN-704,Côte d'Ivoire,PMO - US,Direct Drop,CIP,Air,Pre-PQ Process,5/30/2007,21-Sep-07,21-Sep-07,21-Sep-07,ARV,Pediatric,BRISTOL-MYERS SQUIBB,"#102198**Didanosine 200mg [Videx], tablets, 60 Tabs",Didanosine,Videx,Tablet,60,5721,145885.5,25.5,0.42,"BMS Meymac, France",True,1232,Freight Included in Commodity Cost,200mg,233.42
674,6691,108-VN-T01,Pre-PQ Process,SCMS-750,ASN-804,Vietnam,PMO - US,Direct Drop,EXW,Air,Pre-PQ Process,7/3/2007,24-Oct-07,24-Oct-07,24-Oct-07,ARV,Adult,SUN PHARMACEUTICAL INDUSTRIES LTD (RANBAXY LABORATORIES LIMITED),"Zidovudine 300mg, tablets, 60 Tabs",Zidovudine,Generic,Tablet,60,100,894.0,8.94,0.15,"Ranbaxy, Paonta Shahib, India",True,6,2794.34,300mg,1.43
675,6692,108-VN-T01,Pre-PQ Process,SCMS-751,ASN-633,Vietnam,PMO - US,Direct Drop,FCA,Air,Pre-PQ Process,7/3/2007,10-Sep-07,10-Sep-07,10-Sep-07,ARV,Adult,ABBVIE LOGISTICS (FORMERLY ABBOTT LOGISTICS BV),"Lopinavir/Ritonavir 200/50mg [Aluvia], tablets, 120 Tabs",Lopinavir/Ritonavir,Aluvia,Tablet,120,1000,82190.0,82.19,0.68,ABBVIE Ludwigshafen Germany,True,226,5294.51,200/50mg,131.5
676,6693,102-GY-T01,Pre-PQ Process,SCMS-766,ASN-588,Guyana,PMO - US,Direct Drop,EXW,Air,Pre-PQ Process,7/6/2007,8-Aug-07,8-Aug-07,8-Aug-07,HRDT,HIV test,"CHEMBIO DIAGNOSTIC SYSTEMS, INC.","HIV 1/2, Stat-Pak HIV, Kit, 20 Tests","HIV 1/2, Stat-Pak HIV, Kit",Stat-Pak,Test kit,20,50,1350.0,27.0,1.35,Chembio Diagnostics Sys. Inc.,True,13,581.1,,2.16
677,6705,107-RW-T01,Pre-PQ Process,SCMS-800,ASN-719,Rwanda,PMO - US,Direct Drop,CIP,Air,Pre-PQ Process,7/17/2007,14-Sep-07,14-Sep-07,14-Sep-07,ARV,Pediatric,BRISTOL-MYERS SQUIBB,"Didanosine 50mg [Videx], chewable tablets, 60 Tabs",Didanosine,Videx,Chewable/dispersible tablet,60,182,1729.0,9.5,0.16,"BMS Meymac, France",True,40,86.4,50mg,2.77
678,6724,108-VN-T01,Pre-PQ Process,SCMS-10970,ASN-1017,Vietnam,PMO - US,Direct Drop,EXW,Air,Pre-PQ Process,7/3/2007,19-Dec-07,19-Dec-07,19-Dec-07,ARV,Pediatric,Aurobindo Pharma Limited,"Didanosine 100mg, chewable/dispersible tablets, 60 Tabs",Didanosine,Generic,Chewable/dispersible tablet,60,1200,9300.0,7.75,0.13,"Aurobindo Unit III, India",True,249,3719.91,100mg,14.88
679,6745,102-GY-T01,Pre-PQ Process,SCMS-11650,ASN-763,Guyana,PMO - US,Direct Drop,EXW,Air,Pre-PQ Process,8/28/2007,21-Sep-07,8-Oct-07,8-Oct-07,HRDT,HIV test,"Orgenics, Ltd","HIV 1/2, Determine HIV Kit, without Lancets, 100 Tests","HIV 1/2, Determine HIV Kit, without Lancets",Determine,Test kit,100,442,31819.58,71.99,0.72,Inverness Japan,True,100,1928.93,,50.91
680,6746,102-NG-T01,Pre-PQ Process,SCMS-11760,ASN-858,Nigeria,PMO - US,Direct Drop,EXW,Air,Pre-PQ Process,8/27/2007,7-Nov-07,7-Nov-07,7-Nov-07,HRDT,HIV test,"CHEMBIO DIAGNOSTIC SYSTEMS, INC.","HIV 1/2, Stat-Pak HIV, Kit, 20 Tests","HIV 1/2, Stat-Pak HIV, Kit",Stat-Pak,Test kit,20,10000,270000.0,27.0,1.35,Chembio Diagnostics Sys. Inc.,True,3265,6197,,432.0
681,6753,102-NG-T01,Pre-PQ Process,SCMS-12240,ASN-707,Nigeria,PMO - US,Direct Drop,CIP,,Pre-PQ Process,Date Not Captured,7-Sep-07,7-May-07,7-May-07,HRDT,HIV test,ACCOUN NIGERIA LIMITED,"HIV 1/2, Determine Complete HIV Kit, 100 Tests","HIV 1/2, Determine Complete HIV Kit",Determine,Test kit,100,500,40000.0,80.0,0.8,ABBVIE GmbH & Co.KG Wiesbaden,True,Weight Captured Separately,Freight Included in Commodity Cost,,64.0
682,6768,102-GY-T01,Pre-PQ Process,SCMS-12680,ASN-968,Guyana,PMO - US,Direct Drop,CIF,,Pre-PQ Process,10/2/2007,7-Nov-07,7-Nov-07,7-Nov-07,MRDT,Malaria,ZEPHYR BIOMEDICALS,"Malaria Paramax-3 Kit, 25 Tests",Malaria Paramax-3 Kit,Paramax,Test kit,25,390,14625.0,37.5,1.5,Not Applicable,True,145,186.25,,23.4
683,6837,107-RW-T01,Pre-PQ Process,SCMS-13900,ASN-990,Rwanda,PMO - US,Direct Drop,EXW,Air,Pre-PQ Process,11/12/2007,28-Jan-08,28-Jan-08,28-Jan-08,ARV,Adult,ASPEN PHARMACARE,"Tenofovir Disoproxil Fumarate 300mg [Viread], tablets, 30 Tabs",Tenofovir Disoproxil Fumarate,Viread,Tablet,30,84,0.84,0.01,0.0,"Aspen-OSD, Port Elizabeth, SA",False,See ASN-990 (ID#:1502),See ASN-990 (ID#:1502),300mg,0.0
684,6845,116-ZA-T01,Pre-PQ Process,SCMS-14050,ASN-1251,South Africa,PMO - US,Direct Drop,DDP,,Pre-PQ Process,11/12/2007,29-Jan-08,29-Jan-08,29-Jan-08,ARV,Adult,"JSI R&T INSTITUTE, INC.","Stavudine 20mg [Zerit], capsules, 60 Caps",Stavudine,Zerit,Capsule,60,30,179.7,5.99,0.1,"BMS Meymac, France",False,Weight Captured Separately,Freight Included in Commodity Cost,20mg,0.29
685,6846,116-ZA-T01,Pre-PQ Process,SCMS-14050,ASN-1251,South Africa,PMO - US,Direct Drop,DDP,,Pre-PQ Process,11/12/2007,29-Jan-08,29-Jan-08,29-Jan-08,ARV,Adult,"JSI R&T INSTITUTE, INC.","Nevirapine 200mg [Viramune], tablets, 60 Tabs",Nevirapine,Viramune,Tablet,60,300,7272.0,24.24,0.4,"BI, Ingelheim, Germany",False,Weight Captured Separately,Freight Included in Commodity Cost,200mg,11.64
686,6848,107-RW-T01,Pre-PQ Process,SCMS-14221,ASN-1594,Rwanda,PMO - US,Direct Drop,CIP,Air,Pre-PQ Process,11/21/2007,28-Apr-08,22-Apr-08,22-Apr-08,ARV,Adult,CIPLA LIMITED,"Lamivudine/Nevirapine/Stavudine 150/200/30mg, tablets, 60 Tabs",Lamivudine/Nevirapine/Stavudine,Generic,Tablet - FDC,60,34576,242032.0,7.0,0.12,"Cipla, Goa, India",True,3656,10500,150/200/30mg,387.25
687,6849,107-RW-T01,Pre-PQ Process,SCMS-14221,ASN-1596,Rwanda,PMO - US,Direct Drop,CIP,Air,Pre-PQ Process,11/21/2007,28-Apr-08,28-Apr-08,28-Apr-08,ARV,Adult,CIPLA LIMITED,"Lamivudine/Nevirapine/Stavudine 150/200/30mg, tablets, 60 Tabs",Lamivudine/Nevirapine/Stavudine,Generic,Tablet - FDC,60,16640,116480.0,7.0,0.12,"Cipla, Goa, India",True,1766,10500,150/200/30mg,186.37
688,6881,106-HT-T01,Pre-PQ Process,SCMS-15500,ASN-1153,Haiti,PMO - US,Direct Drop,EXW,Air,Pre-PQ Process,Date Not Captured,22-Jan-08,22-Jan-08,22-Jan-08,HRDT,HIV test,Orasure Technologies Inc.,"HIV 1/2, OraQuick Advance HIV Rapid Antibody Kit, 100 Tests","HIV 1/2, OraQuick Advance HIV Rapid Antibody Kit",OraQuick,Test kit,100,25,8750.0,350.0,3.5,"Pacific Biotech, Thailand",True,60,1521.11,,14.0
689,6884,106-HT-T01,Pre-PQ Process,SCMS-15590,ASN-1328,Haiti,PMO - US,Direct Drop,EXW,Air,Pre-PQ Process,2/4/2008,18-Feb-08,18-Feb-08,18-Feb-08,HRDT,HIV test,"Trinity Biotech, Plc","HIV 1/2, Capillus HIV Kit, 100 Tests","HIV 1/2, Capillus HIV Kit",Capillus,Test kit,100,8,1112.0,139.0,1.39,"Trinity Biotech, Plc",True,6,3238.79,,1.78
690,6896,117-ET-T01,Pre-PQ Process,SCMS-16220,ASN-1329,Ethiopia,PMO - US,Direct Drop,EXW,Air,Pre-PQ Process,1/3/2008,4-Mar-08,4-Mar-08,4-Mar-08,ARV,Adult,ASPEN PHARMACARE,"Tenofovir Disoproxil Fumarate 300mg [Viread], tablets, 30 Tabs",Tenofovir Disoproxil Fumarate,Viread,Tablet,30,14820,251940.0,17.0,0.57,"Aspen-OSD, Port Elizabeth, SA",True,1233,5137.76,300mg,403.1
691,6913,116-ZA-T01,Pre-PQ Process,SCMS-16600,ASN-1520,South Africa,PMO - US,Direct Drop,DDP,,Pre-PQ Process,1/4/2008,21-Jan-08,4-Jan-08,4-Jan-08,ARV,Pediatric,"JSI R&T INSTITUTE, INC.","Ritonavir 80mg/ml [Norvir], oral solution, cool, Bottle, 90 ml",Ritonavir,Norvir,Oral solution,90,3,27.69,9.23,0.1,ABBVIE (Abbott) France,False,Weight Captured Separately,Freight Included in Commodity Cost,80mg/ml,0.04
692,6914,116-ZA-T01,Pre-PQ Process,SCMS-16600,ASN-1520,South Africa,PMO - US,Direct Drop,DDP,,Pre-PQ Process,1/4/2008,21-Jan-08,4-Jan-08,4-Jan-08,ARV,Pediatric,"JSI R&T INSTITUTE, INC.","Lopinavir/Ritonavir 80/20mg/ml [Kaletra], oral solution, cool, Bottle 5 x 60 ml",Lopinavir/Ritonavir,Kaletra,Oral solution,300,30,1384.5,46.15,0.15,ABBVIE (Abbott) Logis. UK,False,Weight Captured Separately,Freight Included in Commodity Cost,80/20mg/ml,2.22
693,6915,116-ZA-T01,Pre-PQ Process,SCMS-16600,ASN-1520,South Africa,PMO - US,Direct Drop,DDP,,Pre-PQ Process,1/4/2008,21-Jan-08,4-Jan-08,4-Jan-08,ARV,Adult,"JSI R&T INSTITUTE, INC.","Lamivudine 150mg [Epivir], tablets, 60 Tabs",Lamivudine,Epivir,Tablet,60,2500,14525.0,5.81,0.1,GSK Cape Town Factory (South Africa),False,Weight Captured Separately,Freight Included in Commodity Cost,150mg,23.24
694,6931,109-TZ-T01,Pre-PQ Process,SCMS-16760,ASN-1697,Tanzania,PMO - US,Direct Drop,CIP,Air,Pre-PQ Process,1/24/2008,8-May-08,8-May-08,8-May-08,ARV,Pediatric,GLAXOSMITHKLINE EXPORT LIMITED,"Abacavir 20mg/ml [Ziagen], oral solution, Bottle, 240 ml",Abacavir,Ziagen,Oral solution,240,132,3300.0,25.0,0.1,GSK Mississauga (Canada),True,Weight Captured Separately,Freight Included in Commodity Cost,20mg/ml,5.28
695,6932,102-NG-T01,Pre-PQ Process,SCMS-16880,ASN-1354,Nigeria,PMO - US,Direct Drop,EXW,Air,Pre-PQ Process,1/7/2008,21-Apr-08,29-Feb-08,29-Feb-08,HRDT,HIV test,"CHEMBIO DIAGNOSTIC SYSTEMS, INC.","HIV 1/2, Stat-Pak HIV, Kit, 20 Tests","HIV 1/2, Stat-Pak HIV, Kit",Stat-Pak,Test kit,20,9380,253260.0,27.0,1.35,Chembio Diagnostics Sys. Inc.,True,3058,18750.2,,405.22
696,6933,102-NG-T01,Pre-PQ Process,SCMS-16880,ASN-1462,Nigeria,PMO - US,Direct Drop,EXW,Air,Pre-PQ Process,1/7/2008,21-Apr-08,27-Mar-08,27-Mar-08,HRDT,HIV test,"CHEMBIO DIAGNOSTIC SYSTEMS, INC.","HIV 1/2, Stat-Pak HIV, Kit, 20 Tests","HIV 1/2, Stat-Pak HIV, Kit",Stat-Pak,Test kit,20,8153,220131.0,27.0,1.35,Chembio Diagnostics Sys. Inc.,True,2707,13535.55,,352.21
697,6962,111-MZ-T01,Pre-PQ Process,SCMS-18060,ASN-1650,Mozambique,PMO - US,Direct Drop,EXW,Air,Pre-PQ Process,2/25/2008,13-Jun-08,27-May-08,27-May-08,HRDT,HIV test,"Orgenics, Ltd","HIV 1/2, Determine HIV Kit, without Lancets, 100 Tests","HIV 1/2, Determine HIV Kit, without Lancets",Determine,Test kit,100,4200,302358.0,71.99,0.72,Inverness Japan,True,965,7781.88,,483.77
698,6972,102-LS-T01,Pre-PQ Process,SCMS-18360,ASN-1430,Lesotho,PMO - US,Direct Drop,DDP,Air,Pre-PQ Process,2/27/2008,12-Mar-08,12-Mar-08,12-Mar-08,HRDT,HIV test,Orasure Technologies Inc.,"HIV 1/2, OraQuick Advance HIV Rapid Antibody Kit, 100 Tests","HIV 1/2, OraQuick Advance HIV Rapid Antibody Kit",OraQuick,Test kit,100,7,2450.0,350.0,3.5,"Pacific Biotech, Thailand",True,Weight Captured Separately,Freight Included in Commodity Cost,,3.92
699,6988,123-NG-T01,Pre-PQ Process,SCMS-18740,ASN-1552,Nigeria,PMO - US,Direct Drop,EXW,Air,Pre-PQ Process,3/11/2008,8-May-08,8-May-08,8-May-08,HRDT,HIV test,"Orgenics, Ltd","HIV 1/2, Determine HIV Kit, without Lancets, 100 Tests","HIV 1/2, Determine HIV Kit, without Lancets",Determine,Test kit,100,285,22797.15,79.99,0.8,Inverness Japan,True,64,1629,,36.48
700,6994,119-NA-T01,Pre-PQ Process,SCMS-18890,ASN-1487,Namibia,PMO - US,Direct Drop,EXW,Air,Pre-PQ Process,3/14/2008,2-Apr-08,2-Apr-08,2-Apr-08,HRDT,HIV test,"Orgenics, Ltd","HIV 1/2, Clearview Complete Kit, 25 Tests","HIV 1/2, Clearview Complete Kit",Clearview,Test kit,25,271,20325.0,75.0,3.0,Inverness USA,True,260,1496.76,,32.52
701,7007,108-VN-T01,Pre-PQ Process,SCMS-19630,ASN-1718,Vietnam,PMO - US,Direct Drop,DDU,Truck,Pre-PQ Process,3/21/2008,12-May-08,16-Apr-08,16-Apr-08,ARV,Adult,CENTRAL PHARMACEUTICAL COMPANY NO. 1,"Tenofovir Disoproxil Fumarate 300mg [Viread], tablets, 30 Tabs",Tenofovir Disoproxil Fumarate,Viread,Tablet,30,1968,40717.92,20.69,0.69,Gilead(Nycomed) Oranienburg DE,True,Weight Captured Separately,1401.49,300mg,65.15
702,7008,116-ZA-T01,Pre-PQ Process,SCMS-19800,ASN-1665,South Africa,PMO - US,Direct Drop,DDP,Truck,Pre-PQ Process,2/20/2008,24-Apr-08,24-Apr-08,24-Apr-08,ARV,Pediatric,S. BUYS WHOLESALER,"Lopinavir/Ritonavir 80/20mg/ml [Kaletra], oral solution, cool, Bottle 5 x 60 ml",Lopinavir/Ritonavir,Kaletra,Oral solution,300,10,394.0,39.4,0.13,ABBVIE (Abbott) Logis. UK,False,Weight Captured Separately,Freight Included in Commodity Cost,80/20mg/ml,0.63
703,7009,116-ZA-T01,Pre-PQ Process,SCMS-19800,ASN-1665,South Africa,PMO - US,Direct Drop,DDP,Truck,Pre-PQ Process,2/20/2008,24-Apr-08,24-Apr-08,24-Apr-08,ARV,Pediatric,S. BUYS WHOLESALER,"Zidovudine 10mg/ml [Retrovir], oral solution, Bottle, 200 ml",Zidovudine,Retrovir,Oral solution,200,100,676.0,6.76,0.03,GSK Mississauga (Canada),False,Weight Captured Separately,Freight Included in Commodity Cost,10mg/ml,1.08
704,7030,108-VN-T01,Pre-PQ Process,SCMS-20330,ASN-1984,Vietnam,PMO - US,Direct Drop,CIP,Air,Pre-PQ Process,3/31/2008,17-Jul-08,17-Jul-08,17-Jul-08,ARV,Pediatric,BRISTOL-MYERS SQUIBB,"Didanosine 25mg [Videx], chewable tablets, 60 Tabs",Didanosine,Videx,Chewable/dispersible tablet,60,400,2800.0,7.0,0.12,"BMS Meymac, France",True,82,2211.05,25mg,4.48
705,7032,108-VN-T01,Pre-PQ Process,SCMS-20490,ASN-1795,Vietnam,PMO - US,Direct Drop,EXW,Air,Pre-PQ Process,3/31/2008,2-Jun-08,2-Jun-08,2-Jun-08,ARV,Pediatric,Aurobindo Pharma Limited,"Zidovudine 100mg, capsules, 100 Caps",Zidovudine,Generic,Capsule,100,630,3458.7,5.49,0.05,"Aurobindo Unit III, India",True,48,2729.91,100mg,5.53
706,7055,116-ZA-T01,Pre-PQ Process,SCMS-21460,ASN-1667,South Africa,PMO - US,Direct Drop,DDP,,Pre-PQ Process,4/4/2008,25-Apr-08,7-Apr-08,7-Apr-08,ARV,Pediatric,S. BUYS WHOLESALER,"Didanosine 100mg [Videx],chewable tablets, 60 Tabs",Didanosine,Videx,Chewable/dispersible tablet,60,6,81.66,13.61,0.23,"BMS Meymac, France",False,Weight Captured Separately,Freight Included in Commodity Cost,100mg,0.13
707,7056,116-ZA-T01,Pre-PQ Process,SCMS-21460,ASN-1666,South Africa,PMO - US,Direct Drop,DDP,,Pre-PQ Process,4/4/2008,25-Apr-08,8-Apr-08,8-Apr-08,ARV,Adult,S. BUYS WHOLESALER,"Lopinavir/Ritonavir 133.3/33.3mg [Kaletra], capsules, cool, 2 x 90 Caps",Lopinavir/Ritonavir,Kaletra,Capsule,180,400,14352.0,35.88,0.2,ABBVIE (Abbott) Logis. UK,True,Weight Captured Separately,Freight Included in Commodity Cost,133.3/33.3mg,22.96
708,7091,102-BW-T01,Pre-PQ Process,SCMS-22680,ASN-1832,Botswana,PMO - US,Direct Drop,EXW,Air,Pre-PQ Process,4/28/2008,3-Jul-08,3-Jul-08,3-Jul-08,HRDT,HIV test,"Trinity Biotech, Plc","HIV 1/2, Uni-Gold HIV Kit, 20 Tests","HIV 1/2, Uni-Gold HIV Kit",Uni-Gold,Test kit,20,500,16000.0,32.0,1.6,"Trinity Biotech, Plc",True,500,2442.32,,25.6
709,7093,102-BW-T01,Pre-PQ Process,SCMS-22710,ASN-1833,Botswana,PMO - US,Direct Drop,EXW,Air,Pre-PQ Process,4/28/2008,3-Jul-08,3-Jul-08,3-Jul-08,HRDT,HIV test,"Trinity Biotech, Plc","HIV 1/2, Uni-Gold HIV Kit, 20 Tests","HIV 1/2, Uni-Gold HIV Kit",Uni-Gold,Test kit,20,500,16000.0,32.0,1.6,"Trinity Biotech, Plc",True,500,2442.32,,25.6
710,7120,108-VN-T01,Pre-PQ Process,SCMS-23440,ASN-2335,Vietnam,PMO - US,Direct Drop,EXW,Air,Pre-PQ Process,5/13/2008,20-Sep-08,20-Sep-08,20-Sep-08,ARV,Adult,MYLAN LABORATORIES LTD (FORMERLY MATRIX LABORATORIES),"Tenofovir Disoproxil Fumarate 300mg, tablets, 30 Tabs",Tenofovir Disoproxil Fumarate,Generic,Tablet,30,672,9179.52,13.66,0.46,Mylan (formerly Matrix) Nashik,False,See ASN-2335 (ID#:5796),See ASN-2335 (ID#:5796),300mg,14.69
711,7121,108-VN-T01,Pre-PQ Process,SCMS-23450,ASN-2336,Vietnam,PMO - US,Direct Drop,EXW,Air,Pre-PQ Process,5/14/2008,19-Sep-08,19-Sep-08,19-Sep-08,ARV,Adult,MYLAN LABORATORIES LTD (FORMERLY MATRIX LABORATORIES),"Zidovudine 300mg, tablets, 60 Tabs",Zidovudine,Generic,Tablet,60,648,4860.0,7.5,0.12,Mylan (formerly Matrix) Nashik,False,See ASN-2336 (ID#:530),See ASN-2336 (ID#:530),300mg,7.78
712,7122,108-VN-T01,Pre-PQ Process,SCMS-23460,ASN-2243,Vietnam,PMO - US,Direct Drop,EXW,Air,Pre-PQ Process,5/13/2008,11-Aug-08,11-Aug-08,11-Aug-08,ARV,Adult,STRIDES ARCOLAB LIMITED,"Stavudine 30mg, capsules, 60 Caps",Stavudine,Generic,Capsule,60,9275,13448.75,1.45,0.02,"Strides, Bangalore, India.",True,432,7444.35,30mg,21.52
713,7125,116-ZA-T01,Pre-PQ Process,SCMS-23500,ASN-2293,South Africa,PMO - US,Direct Drop,DDP,Truck,Pre-PQ Process,Date Not Captured,20-Aug-08,8-May-08,8-May-08,ARV,Pediatric,S. BUYS WHOLESALER,"Lopinavir/Ritonavir 80/20mg/ml [Kaletra], oral solution, cool, Bottle 5 x 60 ml",Lopinavir/Ritonavir,Kaletra,Oral solution,300,40,1479.6,36.99,0.12,ABBVIE (Abbott) Logis. UK,False,Weight Captured Separately,Freight Included in Commodity Cost,80/20mg/ml,2.37
714,7126,116-ZA-T01,Pre-PQ Process,SCMS-23500,ASN-2484,South Africa,PMO - US,Direct Drop,DDP,Truck,Pre-PQ Process,Date Not Captured,20-Aug-08,14-Aug-08,14-Aug-08,ARV,Adult,S. BUYS WHOLESALER,"Emtricitabine/Tenofovir Disoproxil Fumarate 200/300mg [Truvada], tablets, 30 Tabs",Emtricitabine/Tenofovir Disoproxil Fumarate,Truvada,Tablet - FDC,30,150,5737.5,38.25,1.27,Gilead(Nycomed) Oranienburg DE,True,Weight Captured Separately,Freight Included in Commodity Cost,300/200mg,9.18
715,7127,116-ZA-T01,Pre-PQ Process,SCMS-23500,ASN-2293,South Africa,PMO - US,Direct Drop,DDP,Truck,Pre-PQ Process,Date Not Captured,20-Aug-08,8-May-08,8-May-08,ARV,Adult,S. BUYS WHOLESALER,"Efavirenz 600mg, tablets, 30 Tabs",Efavirenz,Generic,Tablet,30,1500,23790.0,15.86,0.53,"Cipla, Goa, India",False,Weight Captured Separately,Freight Included in Commodity Cost,600mg,38.06
716,7128,116-ZA-T01,Pre-PQ Process,SCMS-23500,ASN-2300,South Africa,PMO - US,Direct Drop,DDP,Truck,Pre-PQ Process,Date Not Captured,20-Aug-08,14-May-08,14-May-08,ARV,Pediatric,S. BUYS WHOLESALER,"Lamivudine 10mg/ml [Epivir], oral solution, Bottle, 240 ml",Lamivudine,Epivir,Oral solution,240,470,2942.2,6.26,0.03,GSK Mississauga (Canada),False,Weight Captured Separately,Freight Included in Commodity Cost,10mg/ml,4.71
717,7129,116-ZA-T01,Pre-PQ Process,SCMS-23500,ASN-2299,South Africa,PMO - US,Direct Drop,DDP,Truck,Pre-PQ Process,Date Not Captured,20-Aug-08,14-May-08,14-May-08,ARV,Pediatric,S. BUYS WHOLESALER,"Zidovudine 10mg/ml [Retrovir], oral solution, Bottle, 200 ml",Zidovudine,Retrovir,Oral solution,200,140,960.4,6.86,0.03,GSK Mississauga (Canada),True,Weight Captured Separately,Freight Included in Commodity Cost,10mg/ml,1.54
718,7172,130-NG-T01,Pre-PQ Process,SCMS-24590,ASN-2024,Nigeria,PMO - US,Direct Drop,EXW,Air,Pre-PQ Process,6/2/2008,31-Jul-08,31-Jul-08,31-Jul-08,ANTM,Malaria,IDA FOUNDATION,"Sulfadoxine/Pyrimethamine 500/25mg, tablets, 1000 Tabs",Sulfadoxine/Pyrimethamine,Generic,Tablet - FDC,1000,20,527.0,26.35,0.03,"Micro Labs Ltd. (Brown & Burk), India",True,1920,20134.43,500/25mg,0.84
719,7176,107-RW-T01,Pre-PQ Process,SCMS-25080,ASN-2396,Rwanda,PMO - US,Direct Drop,EXW,Air,Pre-PQ Process,6/12/2008,18-Oct-08,18-Oct-08,18-Oct-08,HRDT,HIV test,"Trinity Biotech, Plc","HIV 1/2, Uni-Gold HIV Kit, 20 Tests","HIV 1/2, Uni-Gold HIV Kit",Uni-Gold,Test kit,20,3400,108800.0,32.0,1.6,"Trinity Biotech, Plc",True,1131,22370.64,,174.08
720,7183,107-RW-T01,Pre-PQ Process,SCMS-25210,ASN-1966,Rwanda,PMO - US,Direct Drop,EXW,Air,Pre-PQ Process,6/12/2008,4-Jul-08,4-Jul-08,4-Jul-08,HRDT,HIV test,Premier Medical Corporation Ltd.,"HIV 1/2/O, First Response HIV 1-2.0, v.3.0 Cards Kit, 30 Tests","HIV 1/2/O, First Response HIV 1-2.0, v.3.0 Cards Kit",First Response,Test kit,30,6180,101970.0,16.5,0.55,Premier Med. Corp Ltd. India,True,2130,17331.66,,163.15
721,7184,113-ZW-T01,Pre-PQ Process,SCMS-25310,ASN-2632,Zimbabwe,PMO - US,Direct Drop,EXW,Air,Pre-PQ Process,6/12/2008,17-Nov-08,17-Nov-08,17-Nov-08,HRDT,HIV test,"Standard Diagnostics, Inc.","HIV 1/2, Bioline 3.0 Kit, Lancets, Capillary pipets, Alcohol swabs included, 25 Tests","HIV 1/2, Bioline 3.0 Kit, Lancets, Capillary pipets, Alcohol swabs included",Bioline,Test kit,25,7864,157280.0,20.0,0.8,"Standard Diagnostics, Korea",True,2450,18087.86,,308.27
722,7201,107-RW-T01,Pre-PQ Process,SCMS-25530,ASN-2068,Rwanda,PMO - US,Direct Drop,CIP,Air,Pre-PQ Process,6/13/2008,22-Jul-08,22-Jul-08,22-Jul-08,ARV,Adult,Aurobindo Pharma Limited,"Lamivudine/Zidovudine 150/300mg, tablets, 60 Tabs",Lamivudine/Zidovudine,Generic,Tablet - FDC,60,45168,414642.24,9.18,0.15,"Aurobindo Unit III, India",True,3953,23071.26,150/300mg,663.43
723,7202,116-ZA-T01,Pre-PQ Process,SCMS-25550,ASN-2294,South Africa,PMO - US,Direct Drop,DDP,Truck,Pre-PQ Process,Date Not Captured,17-Jun-08,17-Jun-08,17-Jun-08,ARV,Adult,S. BUYS WHOLESALER,"Emtricitabine/Tenofovir Disoproxil Fumarate 200/300mg [Truvada], tablets, 30 Tabs",Emtricitabine/Tenofovir Disoproxil Fumarate,Truvada,Tablet - FDC,30,60,2368.2,39.47,1.32,"Aspen-OSD, Port Elizabeth, SA",True,Weight Captured Separately,Freight Included in Commodity Cost,300/200mg,3.79
724,7218,108-VN-T01,Pre-PQ Process,SCMS-26180,ASN-2274,Vietnam,PMO - US,Direct Drop,EXW,Air,Pre-PQ Process,7/1/2008,19-Sep-08,19-Sep-08,19-Sep-08,ARV,Adult,Aurobindo Pharma Limited,"Nevirapine 200mg, tablets, 60 Tabs",Nevirapine,Generic,Tablet,60,4200,12180.0,2.9,0.05,"Aurobindo Unit III, India",False,See ASN-2274 (ID#:610),See ASN-2274 (ID#:610),200mg,19.49
725,9269,105-GY-T01,Pre-PQ Process,SCMS-123,ASN-78,Guyana,PMO - US,Direct Drop,EXW,Air,Pre-PQ Process,Date Not Captured,8-Nov-06,8-Nov-06,8-Nov-06,ARV,Adult,Aurobindo Pharma Limited,"Zidovudine 300mg, tablets, 60 Tabs",Zidovudine,Generic,Tablet,60,245,2707.25,11.05,0.18,"Aurobindo Unit III, India",True,13,1020.6,300mg,
726,7244,116-ZA-T01,Pre-PQ Process,SCMS-26820,ASN-2488,South Africa,PMO - US,Direct Drop,DDP,Truck,Pre-PQ Process,Date Not Captured,10-Jul-08,8-Jul-08,8-Jul-08,ARV,Adult,S. BUYS WHOLESALER,"Nevirapine 200mg, tablets, 60 Tabs",Nevirapine,Generic,Tablet,60,120,2428.8,20.24,0.34,"Cipla, Goa, India",False,Weight Captured Separately,Freight Included in Commodity Cost,200mg,3.89
727,7259,102-GY-T01,Pre-PQ Process,SCMS-27030,ASN-2639,Guyana,PMO - US,Direct Drop,EXW,Air,Pre-PQ Process,8/21/2008,29-Oct-08,13-Oct-08,13-Oct-08,HRDT,HIV test - Ancillary,"Orgenics, Ltd","HIV, Lancet, Safety, for HIV Test kits, 100 Pcs","HIV, Lancet, Safety, for HIV Test kits, 100 Pcs",Generic,Test kit - Ancillary,100,213,2.13,0.01,0.0,Inverness Japan,True,14,180,,0.0
728,8951,107-RW-T01,Pre-PQ Process,SCMS-38680,ASN-3697,Rwanda,PMO - US,Direct Drop,EXW,Air,Pre-PQ Process,2/18/2009,6-Apr-09,6-Apr-09,6-Apr-09,HRDT,HIV test,"Trinity Biotech, Plc","HIV 1/2, Uni-Gold HIV Kit, 20 Tests","HIV 1/2, Uni-Gold HIV Kit",Uni-Gold,Test kit,20,1163,37216.0,32.0,1.6,"Trinity Biotech, Plc",True,385,6269.97,,72.94
729,7260,133-NG-T01,Pre-PQ Process,SCMS-27070,ASN-2353,Nigeria,PMO - US,Direct Drop,EXW,Air,Pre-PQ Process,8/21/2008,12-Sep-08,3-Sep-08,3-Sep-08,HRDT,HIV test - Ancillary,"Orgenics, Ltd","HIV, Lancet, Safety, for HIV Test kits, 100 Pcs","HIV, Lancet, Safety, for HIV Test kits, 100 Pcs",Generic,Test kit - Ancillary,100,6875,68.75,0.01,0.0,Inverness Japan,True,Weight Captured Separately,Invoiced Separately,,0.11
730,7276,117-ET-T01,Pre-PQ Process,SCMS-27810,ASN-2591,Ethiopia,PMO - US,Direct Drop,EXW,Air,Pre-PQ Process,7/31/2008,6-Oct-08,6-Oct-08,6-Oct-08,HRDT,HIV test,"Trinity Biotech, Plc","HIV 1/2, Uni-Gold HIV Kit, 20 Tests","HIV 1/2, Uni-Gold HIV Kit",Uni-Gold,Test kit,20,4200,134400.0,32.0,1.6,"Trinity Biotech, Plc",True,1413,18180.65,,215.04
731,7321,111-MZ-T01,Pre-PQ Process,SCMS-28730,ASN-2658,Mozambique,PMO - US,Direct Drop,EXW,Air,Pre-PQ Process,8/26/2008,1-Nov-08,1-Nov-08,1-Nov-08,HRDT,HIV test,"Orgenics, Ltd","HIV 1/2, Determine HIV Kit, without Lancets, 100 Tests","HIV 1/2, Determine HIV Kit, without Lancets",Determine,Test kit,100,7690,553603.1,71.99,0.72,Inverness Japan,False,See ASN-2658 (ID#:4650),See ASN-2658 (ID#:4650),,1085.06
732,7325,116-ZA-T01,Pre-PQ Process,SCMS-28830,ASN-2502,South Africa,PMO - US,Direct Drop,DDP,Truck,Pre-PQ Process,Date Not Captured,25-Aug-08,18-Aug-08,18-Aug-08,ARV,Adult,S. BUYS WHOLESALER,"Nevirapine 200mg, tablets, 60 Tabs",Nevirapine,Generic,Tablet,60,240,4860.0,20.25,0.34,"Cipla, Goa, India",False,Weight Captured Separately,Freight Included in Commodity Cost,200mg,7.78
733,7326,116-ZA-T01,Pre-PQ Process,SCMS-28830,ASN-2503,South Africa,PMO - US,Direct Drop,DDP,Truck,Pre-PQ Process,Date Not Captured,25-Aug-08,14-Aug-08,14-Aug-08,ARV,Pediatric,S. BUYS WHOLESALER,"Stavudine 1mg/ml [Zerit], powder for oral solution, Bottle, 200 ml",Stavudine,Zerit,Powder for oral solution,200,120,176.4,1.47,0.01,"BMS Meymac, France",False,Weight Captured Separately,Freight Included in Commodity Cost,1mg/ml,0.28
734,7327,116-ZA-T01,Pre-PQ Process,SCMS-28830,ASN-2503,South Africa,PMO - US,Direct Drop,DDP,Truck,Pre-PQ Process,Date Not Captured,25-Aug-08,14-Aug-08,14-Aug-08,ARV,Adult,S. BUYS WHOLESALER,"Lamivudine 150mg [Epivir], tablets, 60 Tabs",Lamivudine,Epivir,Tablet,60,1500,7965.0,5.31,0.09,GSK Cape Town Factory (South Africa),False,Weight Captured Separately,Freight Included in Commodity Cost,150mg,12.74
735,7338,104-CI-T01,Pre-PQ Process,SCMS-29330,ASN-2923,Côte d'Ivoire,PMO - US,Direct Drop,EXW,Air,Pre-PQ Process,9/3/2008,23-Jan-09,23-Jan-09,23-Jan-09,ACT,ACT,IDA FOUNDATION,"Artesunate+Amodiaquine 50+153mg, tablets, co-blister 12+12 Tabs",Artesunate+Amodiaquine,Generic,Tablet - FDC + co-blister,24,25000,17500.0,0.7,0.03,Ipca Dadra/Nagar Haveli IN,True,634,8530.29,50+153mg,34.3
736,7398,104-CI-T01,Pre-PQ Process,SCMS-30410,ASN-2712,Côte d'Ivoire,PMO - US,Direct Drop,EXW,Air,Pre-PQ Process,9/18/2008,24-Nov-08,24-Nov-08,24-Nov-08,HRDT,HIV test,BIO-RAD LABORATORIES (FRANCE),"#108853** HIV, Genie II HIV-1/HIV-2 Kit, 40 Tests","HIV, Genie II HIV-1/HIV-2 Kit",Genie,Test kit,40,603,45828.0,76.0,1.9,Bio-Rad Laboratories,True,679,9698.22,,89.82
737,7421,119-NA-T01,Pre-PQ Process,SCMS-31190,ASN-2718,Namibia,PMO - US,Direct Drop,CIP,Air,Pre-PQ Process,9/24/2008,28-Oct-08,28-Oct-08,28-Oct-08,HRDT,HIV test,"Orgenics, Ltd","HIV 1/2, Clearview Complete Kit, 25 Tests","HIV 1/2, Clearview Complete Kit",Clearview,Test kit,25,7,525.0,75.0,3.0,Inverness USA,True,3,85.27,,1.03
738,7436,108-VN-T01,Pre-PQ Process,SCMS-31720,ASN-3312,Vietnam,PMO - US,Direct Drop,EXW,Air,Pre-PQ Process,10/21/2008,27-Feb-09,27-Feb-09,27-Feb-09,ARV,Adult,Aurobindo Pharma Limited,"Nevirapine 200mg, tablets, 60 Tabs",Nevirapine,Generic,Tablet,60,7800,22620.0,2.9,0.05,"Aurobindo Unit III, India",False,See ASN-3312 (ID#:6081),See ASN-3312 (ID#:6081),200mg,44.34
739,7467,117-ET-T01,Pre-PQ Process,SCMS-32630,ASN-3154,Ethiopia,PMO - US,Direct Drop,EXW,Air,Pre-PQ Process,10/27/2008,26-Jan-09,26-Jan-09,26-Jan-09,HRDT,HIV test,"SHANGHAI KEHUA BIOENGINEERING CO.,LTD.  (KHB)","HIV 1/2, SKB Colloidal Gold, Diagnostic Kit, Antibody, 50 Tests","HIV 1/2, Colloidal Gold, Diagnostic Kit, Antibody",Colloidal Gold,Test kit,1,3510,80730.0,23.0,23.0,"KHB Test Kit Facility, Shanghai China",True,2535,20083.74,,158.23
740,7468,117-ET-T01,Pre-PQ Process,SCMS-32640,ASN-2933,Ethiopia,PMO - US,Direct Drop,EXW,Air,Pre-PQ Process,10/27/2008,3-Dec-08,1-Dec-08,1-Dec-08,HRDT,HIV test,"SHANGHAI KEHUA BIOENGINEERING CO.,LTD.  (KHB)","HIV 1/2, SKB Colloidal Gold, Diagnostic Kit, Antibody, 50 Tests","HIV 1/2, Colloidal Gold, Diagnostic Kit, Antibody",Colloidal Gold,Test kit,1,3510,80730.0,23.0,23.0,"KHB Test Kit Facility, Shanghai China",True,2535,23035.69,,158.23
741,7469,117-ET-T01,Pre-PQ Process,SCMS-32640,ASN-2934,Ethiopia,PMO - US,Direct Drop,EXW,Air,Pre-PQ Process,10/27/2008,3-Dec-08,1-Dec-08,1-Dec-08,HRDT,HIV test,"SHANGHAI KEHUA BIOENGINEERING CO.,LTD.  (KHB)","HIV 1/2, SKB Colloidal Gold, Diagnostic Kit, Antibody, 50 Tests","HIV 1/2, Colloidal Gold, Diagnostic Kit, Antibody",Colloidal Gold,Test kit,1,3510,80730.0,23.0,23.0,"KHB Test Kit Facility, Shanghai China",True,2535,23035.69,,158.23
742,7475,116-ZA-T01,Pre-PQ Process,SCMS-33320,ASN-3553,South Africa,PMO - US,Direct Drop,DDP,Truck,Pre-PQ Process,Date Not Captured,17-May-09,9-Oct-08,9-Oct-08,ARV,Adult,S. BUYS WHOLESALER,"Zidovudine 300mg [Retrovir], tablets, 60 Tabs",Zidovudine,Retrovir,Tablet,60,350,4417.0,12.62,0.21,GSK Aranda,False,Weight Captured Separately,Freight Included in Commodity Cost,300mg,8.66
743,7476,116-ZA-T01,Pre-PQ Process,SCMS-33320,ASN-3553,South Africa,PMO - US,Direct Drop,DDP,Truck,Pre-PQ Process,Date Not Captured,17-May-09,9-Oct-08,9-Oct-08,ARV,Adult,S. BUYS WHOLESALER,"Lamivudine 150mg [Epivir], tablets, 60 Tabs",Lamivudine,Epivir,Tablet,60,1200,5772.0,4.81,0.08,GSK Cape Town Factory (South Africa),False,Weight Captured Separately,Freight Included in Commodity Cost,150mg,11.31
744,7477,116-ZA-T01,Pre-PQ Process,SCMS-33320,ASN-3553,South Africa,PMO - US,Direct Drop,DDP,Truck,Pre-PQ Process,Date Not Captured,17-May-09,9-Oct-08,9-Oct-08,ARV,Pediatric,S. BUYS WHOLESALER,"Didanosine 25mg [Videx], chewable tablets, 60 Tabs",Didanosine,Videx,Chewable/dispersible tablet,60,10,123.1,12.31,0.21,"BMS Meymac, France",False,Weight Captured Separately,Freight Included in Commodity Cost,25mg,0.24
745,7607,108-VN-T01,Pre-PQ Process,SCMS-37160,ASN-3561,Vietnam,PMO - US,Direct Drop,EXW,Air,Pre-PQ Process,1/16/2009,7-Apr-09,7-Apr-09,7-Apr-09,ARV,Adult,Aurobindo Pharma Limited,"Lamivudine/Zidovudine 150/300mg, tablets, 60 Tabs",Lamivudine/Zidovudine,Generic,Tablet - FDC,60,4032,34715.52,8.61,0.14,"Aurobindo Unit III, India",False,See ASN-3561 (ID#:2297),See ASN-3561 (ID#:2297),150/300mg,68.04
746,7638,109-TZ-T01,Pre-PQ Process,SCMS-38400,ASN-3694,Tanzania,PMO - US,Direct Drop,FCA,Air,Pre-PQ Process,2/5/2009,27-May-09,27-May-09,27-May-09,ARV,Adult,ABBVIE LOGISTICS (FORMERLY ABBOTT LOGISTICS BV),"Lopinavir/Ritonavir 200/50mg [Aluvia], tablets, 120 Tabs",Lopinavir/Ritonavir,Aluvia,Tablet,120,12560,516216.0,41.1,0.34,ABBVIE Ludwigshafen Germany,True,3073,12815.42,200/50mg,1011.78
747,7675,104-CI-T01,Pre-PQ Process,SCMS-39420,ASN-3632,Côte d'Ivoire,PMO - US,Direct Drop,EXW,Air,Pre-PQ Process,2/24/2009,24-Mar-09,24-Mar-09,24-Mar-09,HRDT,HIV test,"Orgenics, Ltd","HIV 1/2, Determine HIV Kit, without Lancets, 100 Tests","HIV 1/2, Determine HIV Kit, without Lancets",Determine,Test kit,100,2000,140000.0,70.0,0.7,Inverness Japan,True,453,8603.58,,274.4
748,7695,106-HT-T01,Pre-PQ Process,SCMS-39970,ASN-3628,Haiti,PMO - US,Direct Drop,EXW,Air,Pre-PQ Process,3/6/2009,2-Apr-09,2-Apr-09,2-Apr-09,ARV,Pediatric,Aurobindo Pharma Limited,"Didanosine 200mg, chewable/dispersible tablets, 60 Tabs",Didanosine,Generic,Chewable/dispersible tablet,60,40,620.0,15.5,0.26,"Aurobindo Unit III, India",False,See ASN-3628 (ID#:2399),See ASN-3628 (ID#:2399),200mg,1.22
749,7696,106-HT-T01,Pre-PQ Process,SCMS-40010,ASN-3629,Haiti,PMO - US,Direct Drop,EXW,Air,Pre-PQ Process,3/6/2009,7-Apr-09,7-Apr-09,7-Apr-09,ARV,Pediatric,Aurobindo Pharma Limited,"Efavirenz 50mg, capsule, 30 Caps",Efavirenz,Generic,Capsule,30,1242,2782.08,2.24,0.07,"Aurobindo Unit III, India",True,96,1448.55,50mg,5.45
750,7708,106-HT-T01,Pre-PQ Process,SCMS-40310,ASN-3664,Haiti,PMO - US,Direct Drop,EXW,Air,Pre-PQ Process,3/9/2009,24-Mar-09,24-Mar-09,24-Mar-09,HRDT,HIV test,"Trinity Biotech, Plc","HIV 1/2, Capillus HIV Kit, 100 Tests","HIV 1/2, Capillus HIV Kit",Capillus,Test kit,100,110,15290.0,139.0,1.39,"Trinity Biotech, Plc",True,78,1953.6,,29.97
751,7718,116-ZA-T01,Pre-PQ Process,SCMS-40780,ASN-3607,South Africa,PMO - US,Direct Drop,DDP,Air,Pre-PQ Process,Date Not Captured,17-Mar-09,28-Nov-08,28-Nov-08,ARV,Adult,S. BUYS WHOLESALER,"Zidovudine 300mg, tablets, 60 Tabs",Zidovudine,Generic,Tablet,60,300,3699.0,12.33,0.21,"Aurobindo Unit III, India",False,Weight Captured Separately,Freight Included in Commodity Cost,300mg,7.25
752,7719,116-ZA-T01,Pre-PQ Process,SCMS-40780,ASN-3607,South Africa,PMO - US,Direct Drop,DDP,Air,Pre-PQ Process,Date Not Captured,17-Mar-09,28-Nov-08,28-Nov-08,ARV,Pediatric,S. BUYS WHOLESALER,"Zidovudine 10mg/ml, oral solution, Bottle, 240 ml",Zidovudine,Generic,Oral solution,240,540,2030.4,3.76,0.02,"Aurobindo Unit III, India",False,Weight Captured Separately,Freight Included in Commodity Cost,10mg/ml,3.98
753,7720,116-ZA-T01,Pre-PQ Process,SCMS-40780,ASN-3607,South Africa,PMO - US,Direct Drop,DDP,Air,Pre-PQ Process,Date Not Captured,17-Mar-09,28-Nov-08,28-Nov-08,ARV,Adult,S. BUYS WHOLESALER,"Lopinavir/Ritonavir 200/50mg [Aluvia], tablets, 120 Tabs",Lopinavir/Ritonavir,Aluvia,Tablet,120,1500,47880.0,31.92,0.27,ABBVIE Ludwigshafen Germany,False,Weight Captured Separately,Freight Included in Commodity Cost,200/50mg,93.84
754,7721,116-ZA-T01,Pre-PQ Process,SCMS-40810,ASN-3634,South Africa,PMO - US,Direct Drop,DDP,Air,Pre-PQ Process,Date Not Captured,31-Mar-09,2-Dec-08,2-Dec-08,ARV,Adult,S. BUYS WHOLESALER,"Efavirenz 600mg, tablets, 30 Tabs",Efavirenz,Generic,Tablet,30,6734,98383.74,14.61,0.49,"Cipla, Goa, India",False,Weight Captured Separately,Freight Included in Commodity Cost,600mg,192.83
755,7728,116-ZA-T01,Pre-PQ Process,SCMS-41050,ASN-3635,South Africa,PMO - US,Direct Drop,DDP,Air,Pre-PQ Process,Date Not Captured,21-Apr-09,5-Dec-08,5-Dec-08,ARV,Pediatric,S. BUYS WHOLESALER,"Efavirenz 50mg, capsule, 30 Caps",Efavirenz,Generic,Capsule,30,144,440.64,3.06,0.1,"Aurobindo Unit III, India",False,See ASN-3635 (ID#:3745),See ASN-3635 (ID#:3745),50mg,0.86
756,7729,116-ZA-T01,Pre-PQ Process,SCMS-41090,ASN-3626,South Africa,PMO - US,Direct Drop,DDP,Air,Pre-PQ Process,Date Not Captured,9-Jun-09,27-Jan-09,27-Jan-09,ARV,Pediatric,S. BUYS WHOLESALER,"Efavirenz 50mg, capsule, 30 Caps",Efavirenz,Generic,Capsule,30,2996,9197.72,3.07,0.1,"Aurobindo Unit III, India",True,Weight Captured Separately,Freight Included in Commodity Cost,50mg,18.03
757,7730,116-ZA-T01,Pre-PQ Process,SCMS-41140,ASN-3752,South Africa,PMO - US,Direct Drop,DDP,Air,Pre-PQ Process,Date Not Captured,31-Mar-09,21-Nov-08,21-Nov-08,ARV,Adult,S. BUYS WHOLESALER,"Saquinavir 200mg [Invirase], capsules, 270 Caps",Saquinavir,Invirase,Capsule,270,30,1634.7,54.49,0.2,Roche Basel,False,Weight Captured Separately,Freight Included in Commodity Cost,200mg,3.2
758,7731,116-ZA-T01,Pre-PQ Process,SCMS-41140,ASN-3752,South Africa,PMO - US,Direct Drop,DDP,Air,Pre-PQ Process,Date Not Captured,31-Mar-09,21-Nov-08,21-Nov-08,ARV,Pediatric,S. BUYS WHOLESALER,"Efavirenz 50mg [Stocrin/Sustiva], capsule, 30 Caps",Efavirenz,Stocrin/Sustiva,Capsule,30,400,912.0,2.28,0.08,"MSD Midrand, J'burg, SA",False,Weight Captured Separately,Freight Included in Commodity Cost,50mg,1.79
759,7732,116-ZA-T01,Pre-PQ Process,SCMS-41140,ASN-3752,South Africa,PMO - US,Direct Drop,DDP,Air,Pre-PQ Process,Date Not Captured,31-Mar-09,21-Nov-08,21-Nov-08,ARV,Pediatric,S. BUYS WHOLESALER,"Didanosine 100mg [Videx],chewable tablets, 60 Tabs",Didanosine,Videx,Chewable/dispersible tablet,60,10,100.6,10.06,0.17,"BMS Meymac, France",False,Weight Captured Separately,Freight Included in Commodity Cost,100mg,0.2
760,7734,116-ZA-T01,Pre-PQ Process,SCMS-41190,ASN-3732,South Africa,PMO - US,Direct Drop,DDP,Air,Pre-PQ Process,Date Not Captured,30-Mar-09,21-Jan-09,21-Jan-09,ARV,Pediatric,S. BUYS WHOLESALER,"Stavudine 1mg/ml [Zerit], powder for oral solution, Bottle, 200 ml",Stavudine,Zerit,Powder for oral solution,200,650,741.0,1.14,0.01,"BMS Meymac, France",False,Weight Captured Separately,Freight Included in Commodity Cost,1mg/ml,1.45
761,7735,116-ZA-T01,Pre-PQ Process,SCMS-41190,ASN-3732,South Africa,PMO - US,Direct Drop,DDP,Air,Pre-PQ Process,Date Not Captured,30-Mar-09,21-Jan-09,21-Jan-09,ARV,Pediatric,S. BUYS WHOLESALER,"Lamivudine 10mg/ml [Epivir], oral solution, Bottle, 240 ml",Lamivudine,Epivir,Oral solution,240,350,1781.5,5.09,0.02,GSK Mississauga (Canada),False,Weight Captured Separately,Freight Included in Commodity Cost,10mg/ml,3.49
762,7736,116-ZA-T01,Pre-PQ Process,SCMS-41200,ASN-3735,South Africa,PMO - US,Direct Drop,DDP,Air,Pre-PQ Process,Date Not Captured,30-Mar-09,21-Jan-09,21-Jan-09,ARV,Pediatric,S. BUYS WHOLESALER,"Lopinavir/Ritonavir 80/20mg/ml [Kaletra], oral solution, cool, Bottle 5 x 60 ml",Lopinavir/Ritonavir,Kaletra,Oral solution,300,70,2163.7,30.91,0.1,ABBVIE (Abbott) Logis. UK,True,Weight Captured Separately,Freight Included in Commodity Cost,80/20mg/ml,4.24
763,7741,116-ZA-T01,Pre-PQ Process,SCMS-41440,ASN-4180,South Africa,PMO - US,Direct Drop,DDP,Truck,Pre-PQ Process,3/18/2009,14-Apr-09,14-Apr-09,14-Apr-09,ARV,Pediatric,S. BUYS WHOLESALER,"Lopinavir/Ritonavir 80/20mg/ml [Kaletra], oral solution, cool, Bottle 5 x 60 ml",Lopinavir/Ritonavir,Kaletra,Oral solution,300,440,15831.2,35.98,0.12,ABBVIE (Abbott) Logis. UK,True,Weight Captured Separately,Freight Included in Commodity Cost,80/20mg/ml,31.03
764,7748,116-ZA-T01,Pre-PQ Process,SCMS-41581,ASN-4196,South Africa,PMO - US,Direct Drop,DDP,Air,Pre-PQ Process,3/27/2009,25-Jun-09,14-Apr-09,14-Apr-09,ARV,Pediatric,S. BUYS WHOLESALER,"Stavudine 1mg/ml, powder for oral solution, 200 ml",Stavudine,Generic,Oral solution,200,1500,3150.0,2.1,0.01,"Aurobindo Unit III, India",False,Weight Captured Separately,Freight Included in Commodity Cost,1mg/ml,6.17
765,7749,116-ZA-T01,Pre-PQ Process,SCMS-41584,ASN-4385,South Africa,PMO - US,Direct Drop,DDP,Air,Pre-PQ Process,3/27/2009,25-Jun-09,20-Apr-09,20-Apr-09,ARV,Adult,S. BUYS WHOLESALER,"Lopinavir/Ritonavir 200/50mg [Aluvia], tablets, 120 Tabs",Lopinavir/Ritonavir,Aluvia,Tablet,120,2965,106680.7,35.98,0.3,ABBVIE Ludwigshafen Germany,False,Weight Captured Separately,Freight Included in Commodity Cost,200/50mg,209.09
766,7750,116-ZA-T01,Pre-PQ Process,SCMS-41585,ASN-4386,South Africa,PMO - US,Direct Drop,DDP,Air,Pre-PQ Process,3/27/2009,25-Jun-09,21-Apr-09,21-Apr-09,ARV,Pediatric,S. BUYS WHOLESALER,"Lamivudine 10mg/ml [Epivir], oral solution, Bottle, 240 ml",Lamivudine,Epivir,Oral solution,240,1900,10564.0,5.56,0.02,GSK Mississauga (Canada),False,Weight Captured Separately,Freight Included in Commodity Cost,10mg/ml,20.71
767,7751,116-ZA-T01,Pre-PQ Process,SCMS-41580,ASN-4603,South Africa,PMO - US,Direct Drop,DDP,Truck,Pre-PQ Process,3/27/2009,25-Jun-09,5-Jun-09,5-Jun-09,ARV,Adult,S. BUYS WHOLESALER,"Stavudine 30mg, capsules, 60 Caps",Stavudine,Generic,Capsule,60,4553,13659.0,3.0,0.05,"Aurobindo Unit III, India",False,Weight Captured Separately,Freight Included in Commodity Cost,30mg,26.77
768,7775,102-GY-T01,Pre-PQ Process,SCMS-42300,ASN-4318,Guyana,PMO - US,Direct Drop,EXW,Air,Pre-PQ Process,3/31/2009,9-Jul-09,9-Jul-09,9-Jul-09,HRDT,HIV test,"Trinity Biotech, Plc","HIV 1/2, Uni-Gold HIV Kit, 20 Tests","HIV 1/2, Uni-Gold HIV Kit",Uni-Gold,Test kit,20,1371,43872.0,32.0,1.6,"Trinity Biotech, Plc",True,468,5733.61,,85.99
769,7778,116-ZA-T01,Pre-PQ Process,SCMS-42440,ASN-4514,South Africa,PMO - US,Direct Drop,DDP,Truck,Pre-PQ Process,4/2/2009,8-Jun-09,8-Jun-09,8-Jun-09,ARV,Pediatric,S. BUYS WHOLESALER,"Efavirenz 50mg, capsule, 30 Caps",Efavirenz,Generic,Capsule,30,600,1890.0,3.15,0.1,"Aurobindo Unit III, India",True,Weight Captured Separately,Freight Included in Commodity Cost,50mg,3.7
770,7779,116-ZA-T01,Pre-PQ Process,SCMS-47430,ASN-4244,South Africa,PMO - US,Direct Drop,DDP,Truck,Pre-PQ Process,4/2/2009,15-May-09,17-Apr-09,17-Apr-09,ARV,Adult,S. BUYS WHOLESALER,"Nevirapine 200mg [Viramune], tablets, 60 Tabs",Nevirapine,Viramune,Tablet,60,300,5031.0,16.77,0.28,"Boehringer Ing., Koropi, GR",False,Weight Captured Separately,Freight Included in Commodity Cost,200mg,9.86
771,7837,108-VN-T01,Pre-PQ Process,SCMS-45080,ASN-4420,Vietnam,PMO - US,Direct Drop,EXW,Air,Pre-PQ Process,4/29/2009,10-Jul-09,10-Jul-09,10-Jul-09,ARV,Adult,Aurobindo Pharma Limited,"Lamivudine 150mg, tablets, 60 Tabs",Lamivudine,Generic,Tablet,60,18000,43200.0,2.4,0.04,"Aurobindo Unit III, India",False,See ASN-4420 (ID#:1183),See ASN-4420 (ID#:1183),150mg,84.67
772,7847,119-NA-T01,Pre-PQ Process,SCMS-45620,ASN-4511,Namibia,PMO - US,Direct Drop,EXW,Air,Pre-PQ Process,5/8/2009,18-Aug-09,18-Aug-09,18-Aug-09,ARV,Pediatric,CIPLA LIMITED,"Lamivudine/Nevirapine/Stavudine 30/50/6mg, dispersible tablets, 60 Tabs",Lamivudine/Nevirapine/Stavudine,Generic,Chewable/dispersible tablet - FDC,60,1812,4348.8,2.4,0.04,"Cipla, Goa, India",False,See ASN-4511 (ID#:2571),See ASN-4511 (ID#:2571),30/50/6mg,8.52
773,7849,114-UG-T01,Pre-PQ Process,SCMS-45660,ASN-4378,Uganda,PMO - US,Direct Drop,CIP,Air,Pre-PQ Process,5/11/2009,6-Jul-09,6-Jul-09,6-Jul-09,ARV,Adult,BRISTOL-MYERS SQUIBB,"Didanosine EC 250mg [Videx EC], delayed-release capsules, Blister 3 x 10 Caps",Didanosine EC,Videx EC,Delayed-release capsules - blister,30,84,1540.56,18.34,0.61,"BMS Meymac, France",True,4,390.81,250mg,3.02
774,7857,102-BW-T01,Pre-PQ Process,SCMS-46080,ASN-4216,Botswana,PMO - US,Direct Drop,EXW,Air,Pre-PQ Process,5/18/2009,7-Jul-09,7-Jul-09,7-Jul-09,HRDT,HIV test,"Orgenics, Ltd","HIV 1/2, Determine HIV Kit, without Lancets, 100 Tests","HIV 1/2, Determine HIV Kit, without Lancets",Determine,Test kit,100,15,1050.0,70.0,0.7,Inverness Japan,True,4,383.65,,2.06
775,7868,109-TZ-T01,Pre-PQ Process,SCMS-46510,ASN-4696,Tanzania,PMO - US,Direct Drop,FCA,Air,Pre-PQ Process,5/28/2009,25-Sep-09,25-Sep-09,25-Sep-09,ARV,Adult,Hoffmann-La Roche ltd Basel,"Saquinavir 200mg [Invirase], capsules, 270 Caps",Saquinavir,Invirase,Capsule,270,5178,461436.41,89.11,0.33,Roche Basel,True,2666,16751.58,200mg,904.42
776,7894,119-NA-T01,Pre-PQ Process,SCMS-47130,ASN-4416,Namibia,PMO - US,Direct Drop,EXW,Air,Pre-PQ Process,6/5/2009,27-Jul-09,27-Jul-09,27-Jul-09,HRDT,HIV test,"Orgenics, Ltd","HIV 1/2, Determine HIV Kit, without Lancets, 100 Tests","HIV 1/2, Determine HIV Kit, without Lancets",Determine,Test kit,100,24,1680.0,70.0,0.7,Inverness Japan,True,6,868.31,,3.29
777,7921,108-VN-T01,Pre-PQ Process,SCMS-19,ASN-13,Vietnam,PMO - US,Direct Drop,EXW,Air,Pre-PQ Process,Date Not Captured,3-Sep-06,3-Sep-06,3-Sep-06,ARV,Adult,Hoffmann-La Roche ltd Basel,"Nelfinavir (as mesilate) 250mg [Viracept], tablets, 270 Tabs",Nelfinavir (as mesilate),Viracept,Tablet,270,1000,164620.0,164.62,0.61,Roche Madrid,True,254,7828.28,250mg,
778,7922,104-CI-T01,Pre-PQ Process,SCMS-21,ASN-15,Côte d'Ivoire,PMO - US,Direct Drop,FCA,Air,Pre-PQ Process,Date Not Captured,16-Sep-06,16-Sep-06,16-Sep-06,HRDT,HIV test,Abbott GmbH & Co. KG,"HIV 1/2, Determine Complete HIV Kit, 100 Tests","HIV 1/2, Determine Complete HIV Kit",Determine,Test kit,100,500,40000.0,80.0,0.8,ABBVIE GmbH & Co.KG Wiesbaden,True,171,1275.12,,
779,7926,102-NG-T01,Pre-PQ Process,SCMS-33,ASN-19,Nigeria,PMO - US,Direct Drop,DDU,,Pre-PQ Process,Date Not Captured,21-Jul-06,21-Jul-06,21-Jul-06,HRDT,HIV test,ACCOUN NIGERIA LIMITED,"HIV 1/2, Determine Complete HIV Kit, 100 Tests","HIV 1/2, Determine Complete HIV Kit",Determine,Test kit,100,500,60000.0,120.0,1.2,ABBVIE (Abbott) Japan Co. Ltd.,True,Weight Captured Separately,Freight Included in Commodity Cost,,
780,7929,110-ZM-T01,Pre-PQ Process,SCMS-39,ASN-37,Zambia,PMO - US,Direct Drop,FCA,Air,Pre-PQ Process,Date Not Captured,19-Sep-06,19-Sep-06,19-Sep-06,HRDT,HIV test,Abbott GmbH & Co. KG,"HIV 1/2, Determine Complete HIV Kit, 100 Tests","HIV 1/2, Determine Complete HIV Kit",Determine,Test kit,100,1000,80000.0,80.0,0.8,ABBVIE GmbH & Co.KG Wiesbaden,True,343,2373.73,,
781,7939,106-HT-T01,Pre-PQ Process,SCMS-75,ASN-75,Haiti,PMO - US,Direct Drop,DDP,Air,Pre-PQ Process,Date Not Captured,15-Sep-06,15-Sep-06,15-Sep-06,HRDT,HIV test,REINBOLD EXPORT IMPORT,"HIV 1/2, Determine Complete HIV Kit, 100 Tests","HIV 1/2, Determine Complete HIV Kit",Determine,Test kit,100,150,22500.0,150.0,1.5,ABBVIE (Abbott) Japan Co. Ltd.,True,Weight Captured Separately,Freight Included in Commodity Cost,,
782,7953,104-CI-T01,Pre-PQ Process,SCMS-107,ASN-69,Côte d'Ivoire,PMO - US,Direct Drop,FCA,Air,Pre-PQ Process,Date Not Captured,14-Nov-06,14-Nov-06,14-Nov-06,HRDT,HIV test,Abbott GmbH & Co. KG,"HIV 1/2, Determine Complete HIV Kit, 100 Tests","HIV 1/2, Determine Complete HIV Kit",Determine,Test kit,100,850,68000.0,80.0,0.8,ABBVIE GmbH & Co.KG Wiesbaden,True,291096,156.97,,
783,7954,110-ZM-T01,Pre-PQ Process,SCMS-109,ASN-68,Zambia,PMO - US,Direct Drop,FCA,Air,Pre-PQ Process,Date Not Captured,31-Oct-06,31-Oct-06,31-Oct-06,HRDT,HIV test,Abbott GmbH & Co. KG,"HIV 1/2, Determine Complete HIV Kit, 100 Tests","HIV 1/2, Determine Complete HIV Kit",Determine,Test kit,100,1250,100000.0,80.0,0.8,ABBVIE GmbH & Co.KG Wiesbaden,True,426,2487.58,,
784,7968,110-ZM-T01,Pre-PQ Process,SCMS-139,ASN-130,Zambia,PMO - US,Direct Drop,DDU,Air,Pre-PQ Process,Date Not Captured,8-Jan-07,8-Jan-07,8-Jan-07,ARV,Adult,MERCK SHARP & DOHME IDEA GMBH (FORMALLY MERCK SHARP & DOHME B.V.),"Indinavir 400mg [Crixivan], capsules, 180 Caps",Indinavir,Crixivan,Capsule,180,1307,64461.24,49.32,0.27,MSD Elkton USA,False,Weight Captured Separately,Freight Included in Commodity Cost,400mg,
785,7970,108-VN-T01,Pre-PQ Process,SCMS-167,ASN-270,Vietnam,PMO - US,Direct Drop,EXW,Air,Pre-PQ Process,11/14/2006,14-Mar-07,14-Mar-07,14-Mar-07,ARV,Adult,SUN PHARMACEUTICAL INDUSTRIES LTD (RANBAXY LABORATORIES LIMITED),"Zidovudine 300mg, tablets, 60 Tabs",Zidovudine,Generic,Tablet,60,100,1084.0,10.84,0.18,"Ranbaxy, Paonta Shahib, India",False,See ASN-270 (ID#:5279),See ASN-270 (ID#:5279),300mg,
786,7975,114-UG-T01,Pre-PQ Process,SCMS-176,ASN-129,Uganda,PMO - US,Direct Drop,EXW,Air,Pre-PQ Process,Date Not Captured,22-Dec-06,22-Dec-06,22-Dec-06,ARV,Adult,ASPEN PHARMACARE,"Lamivudine/Zidovudine+Nevirapine 150/300+200mg, tablets, co-blister, 60+60 Tabs",Lamivudine/Zidovudine+Nevirapine,Generic,Tablet - FDC + co-blister,120,1270,26670.0,21.0,0.18,"Aspen-OSD, Port Elizabeth, SA",True,201,1262.91,150/300+200mg,
787,7983,113-ZW-T01,Pre-PQ Process,SCMS-231,ASN-139,Zimbabwe,PMO - US,Direct Drop,CIP,Air,Pre-PQ Process,Date Not Captured,18-Dec-06,18-Dec-06,18-Dec-06,ARV,Pediatric,BRISTOL-MYERS SQUIBB,"#102198**Didanosine 200mg [Videx], tablets, 60 Tabs",Didanosine,Videx,Tablet,60,425,10837.5,25.5,0.42,"BMS Meymac, France",True,Weight Captured Separately,Freight Included in Commodity Cost,200mg,
788,7984,106-HT-T01,Pre-PQ Process,SCMS-275,ASN-193,Haiti,PMO - US,Direct Drop,EXW,Air,Pre-PQ Process,Date Not Captured,23-Jan-07,23-Jan-07,23-Jan-07,HRDT,HIV test,"Trinity Biotech, Plc","HIV 1/2, Capillus HIV Kit, 100 Tests","HIV 1/2, Capillus HIV Kit",Capillus,Test kit,100,60,10500.0,175.0,1.75,Not Applicable,True,40,749.96,,
789,7990,102-NG-T01,Pre-PQ Process,SCMS-344,ASN-207,Nigeria,PMO - US,Direct Drop,EXW,Air,Pre-PQ Process,Date Not Captured,15-Mar-07,5-Mar-07,5-Mar-07,HRDT,HIV test,"CHEMBIO DIAGNOSTIC SYSTEMS, INC.","HIV 1/2, Stat-Pak HIV, Kit, 20 Tests","HIV 1/2, Stat-Pak HIV, Kit",Stat-Pak,Test kit,20,2496,67392.0,27.0,1.35,Chembio Diagnostics Sys. Inc.,True,702,4474.15,,
790,7991,102-NG-T01,Pre-PQ Process,SCMS-344,ASN-280,Nigeria,PMO - US,Direct Drop,EXW,Air,Pre-PQ Process,Date Not Captured,15-Mar-07,15-Mar-07,15-Mar-07,HRDT,HIV test,"CHEMBIO DIAGNOSTIC SYSTEMS, INC.","HIV 1/2, Stat-Pak HIV, Kit, 20 Tests","HIV 1/2, Stat-Pak HIV, Kit",Stat-Pak,Test kit,20,5004,135108.0,27.0,1.35,Chembio Diagnostics Sys. Inc.,True,1531,11731.15,,
791,8005,102-GY-T01,Pre-PQ Process,SCMS-433,ASN-281,Guyana,PMO - US,Direct Drop,EXW,Air,Pre-PQ Process,3/1/2007,27-Mar-07,27-Mar-07,27-Mar-07,HRDT,HIV test,"CHEMBIO DIAGNOSTIC SYSTEMS, INC.","HIV 1/2, Stat-Pak HIV, Kit, 20 Tests","HIV 1/2, Stat-Pak HIV, Kit",Stat-Pak,Test kit,20,50,1350.0,27.0,1.35,Chembio Diagnostics Sys. Inc.,True,18,378.6,,
792,8017,100-HT-T01,Pre-PQ Process,SCMS-539,ASN-364,Haiti,PMO - US,Direct Drop,EXW,Air,Pre-PQ Process,4/4/2007,3-May-07,3-May-07,3-May-07,HRDT,HIV test,Abbott GmbH & Co. KG,"HIV 1/2, Determine Complete HIV Kit, 100 Tests","HIV 1/2, Determine Complete HIV Kit",Determine,Test kit,100,1000,80000.0,80.0,0.8,ABBVIE GmbH & Co.KG Wiesbaden,True,343,2802.42,,
793,8023,102-NG-T01,Pre-PQ Process,SCMS-587,ASN-417,Nigeria,PMO - US,Direct Drop,EXW,Air,Pre-PQ Process,4/30/2007,31-May-07,31-May-07,31-May-07,HRDT,HIV test,Abbott GmbH & Co. KG,"HIV 1/2, Determine Complete HIV Kit, 100 Tests","HIV 1/2, Determine Complete HIV Kit",Determine,Test kit,100,2500,200000.0,80.0,0.8,ABBVIE GmbH & Co.KG Wiesbaden,True,851,5469.91,,
794,8038,108-VN-T01,Pre-PQ Process,SCMS-753,ASN-781,Vietnam,PMO - US,Direct Drop,EXW,Air,Pre-PQ Process,7/4/2007,15-Oct-07,15-Oct-07,15-Oct-07,ARV,Pediatric,Aurobindo Pharma Limited,"Lamivudine 10mg/ml, oral solution, Bottle, 240 ml",Lamivudine,Generic,Oral solution,240,500,950.0,1.9,0.01,"Aurobindo Unit III, India",False,See ASN-781 (ID#:115),See ASN-781 (ID#:115),10mg/ml,1.52
795,8061,109-TZ-T01,Pre-PQ Process,SCMS-10250,ASN-682,Tanzania,PMO - US,Direct Drop,EXW,Air,Pre-PQ Process,Date Not Captured,25-Oct-07,25-Oct-07,25-Oct-07,HRDT,HIV test,"Standard Diagnostics, Inc.","HIV 1/2, Bioline 3.0 Kit, Lancets, Capillary pipets, Alcohol swabs included, 25 Tests","HIV 1/2, Bioline 3.0 Kit, Lancets, Capillary pipets, Alcohol swabs included",Bioline,Test kit,25,10000,200000.0,20.0,0.8,"Standard Diagnostics, Korea",True,3336,28837.28,,320.0
796,8062,109-TZ-T01,Pre-PQ Process,SCMS-10330,ASN-1932,Tanzania,PMO - US,Direct Drop,EXW,Air,Pre-PQ Process,5/14/2008,22-Jul-08,22-Jul-08,22-Jul-08,HRDT,HIV test,"Standard Diagnostics, Inc.","HIV 1/2, Bioline 3.0 Kit, Lancets, Capillary pipets, Alcohol swabs included, 25 Tests","HIV 1/2, Bioline 3.0 Kit, Lancets, Capillary pipets, Alcohol swabs included",Bioline,Test kit,25,10000,200000.0,20.0,0.8,"Standard Diagnostics, Korea",True,3122,22691.75,,320.0
797,8100,113-ZW-T01,Pre-PQ Process,SCMS-11690,ASN-871,Zimbabwe,PMO - US,Direct Drop,CIP,Air,Pre-PQ Process,9/28/2007,10-Jan-08,10-Jan-08,10-Jan-08,HRDT,HIV test,Orasure Technologies Inc.,"HIV 1/2, OraQuick Advance HIV Rapid Antibody Kit, 100 Tests","HIV 1/2, OraQuick Advance HIV Rapid Antibody Kit",OraQuick,Test kit,100,5,1750.0,350.0,3.5,"Pacific Biotech, Thailand",True,Weight Captured Separately,Freight Included in Commodity Cost,,2.8
798,8185,116-ZA-T01,Pre-PQ Process,SCMS-14050,ASN-1251,South Africa,PMO - US,Direct Drop,DDP,,Pre-PQ Process,11/12/2007,29-Jan-08,29-Jan-08,29-Jan-08,ARV,Pediatric,"JSI R&T INSTITUTE, INC.","Efavirenz 200mg [Stocrin/Sustiva], capsule, 90 Caps",Efavirenz,Stocrin/Sustiva,Capsule,90,60,2112.0,35.2,0.39,"MSD Midrand, J'burg, SA",False,Weight Captured Separately,Freight Included in Commodity Cost,200mg,3.38
799,8186,116-ZA-T01,Pre-PQ Process,SCMS-14050,ASN-1251,South Africa,PMO - US,Direct Drop,DDP,,Pre-PQ Process,11/12/2007,29-Jan-08,29-Jan-08,29-Jan-08,ARV,Adult,"JSI R&T INSTITUTE, INC.","Lamivudine 150mg [Epivir], tablets, 60 Tabs",Lamivudine,Epivir,Tablet,60,1500,9600.0,6.4,0.11,GSK Cape Town Factory (South Africa),False,Weight Captured Separately,Freight Included in Commodity Cost,150mg,15.36
800,8192,107-RW-T01,Pre-PQ Process,SCMS-14220,ASN-1305,Rwanda,PMO - US,Direct Drop,CIP,Air,Pre-PQ Process,11/21/2007,28-Apr-08,11-Mar-08,11-Mar-08,ARV,Adult,CIPLA LIMITED,"Lamivudine/Nevirapine/Stavudine 150/200/30mg, tablets, 60 Tabs",Lamivudine/Nevirapine/Stavudine,Generic,Tablet - FDC,60,100000,700000.0,7.0,0.12,"Cipla, Goa, India",True,10303,35034.75,150/200/30mg,1120.0
801,8204,102-BW-T01,Pre-PQ Process,SCMS-14600,ASN-1154,Botswana,PMO - US,Direct Drop,CIF,Air,Pre-PQ Process,11/27/2007,27-Dec-07,27-Dec-07,27-Dec-07,HRDT,HIV test,Orasure Technologies Inc.,"HIV 1/2, OraQuick Advance HIV Rapid Antibody Kit, 100 Tests","HIV 1/2, OraQuick Advance HIV Rapid Antibody Kit",OraQuick,Test kit,100,5,1750.0,350.0,3.5,"Pacific Biotech, Thailand",True,Weight Captured Separately,Freight Included in Commodity Cost,,2.8
802,8207,107-RW-T01,Pre-PQ Process,SCMS-14730,ASN-1066,Rwanda,PMO - US,Direct Drop,CIP,Air,Pre-PQ Process,12/3/2007,3-Jan-08,3-Jan-08,3-Jan-08,ARV,Adult,Aurobindo Pharma Limited,"Efavirenz 600mg, tablets, 30 Tabs",Efavirenz,Generic,Tablet,30,32510,381992.5,11.75,0.39,"Aurobindo Unit III, India",True,2791,28336.18,600mg,611.19
803,8209,100-KZ-T01,Pre-PQ Process,SCMS-14780,ASN-1139,Kazakhstan,PMO - US,Direct Drop,DDP,Air,Pre-PQ Process,11/30/2007,23-Jan-08,23-Jan-08,23-Jan-08,HRDT,HIV test,Orasure Technologies Inc.,"HIV 1/2, OraQuick Advance HIV Rapid Antibody Kit, 100 Tests","HIV 1/2, OraQuick Advance HIV Rapid Antibody Kit",OraQuick,Test kit,100,50,17500.0,350.0,3.5,"Pacific Biotech, Thailand",True,Weight Captured Separately,Freight Included in Commodity Cost,,28.0
804,8213,102-NG-T01,Pre-PQ Process,SCMS-15060,ASN-1366,Nigeria,PMO - US,Direct Drop,DDP,,Pre-PQ Process,12/20/2007,24-Jan-08,24-Jan-08,24-Jan-08,HRDT,HIV test,BUNDI INTERNATIONAL DIAGNOSTICS LTD,"HIV 1/2, Bundi Rapid HIV Kit, 25 Tests","HIV 1/2, Bundi Rapid HIV Kit",Bundi,Test kit,1,600,22500.0,37.5,37.5,Not Applicable,True,Weight Captured Separately,Freight Included in Commodity Cost,,36.0
805,8218,109-TZ-T01,Pre-PQ Process,SCMS-15220,ASN-1696,Tanzania,PMO - US,Direct Drop,CIP,Air,Pre-PQ Process,12/10/2007,8-May-08,8-May-08,8-May-08,ARV,Pediatric,BRISTOL-MYERS SQUIBB,"Didanosine 2g [Videx], powder for oral solution 10mg/ml, reconstitute to 200 ml",Didanosine,Videx,Powder for oral solution,200,712,8964.08,12.59,0.06,"BMS Meymac, France",True,Weight Captured Separately,Freight Included in Commodity Cost,2g,14.34
806,8231,100-HT-T01,Pre-PQ Process,SCMS-15470,ASN-2759,Haiti,PMO - US,Direct Drop,EXW,Air,Pre-PQ Process,1/5/2008,11-Nov-08,11-Nov-08,11-Nov-08,HRDT,HIV test,"Trinity Biotech, Plc","HIV 1/2, Capillus HIV Kit, 100 Tests","HIV 1/2, Capillus HIV Kit",Capillus,Test kit,100,2,278.0,139.0,1.39,"Trinity Biotech, Plc",True,4,523.12,,0.54
807,8232,106-HT-T01,Pre-PQ Process,SCMS-15510,ASN-1273,Haiti,PMO - US,Direct Drop,EXW,Air,Pre-PQ Process,Date Not Captured,11-Feb-08,11-Feb-08,11-Feb-08,HRDT,HIV test,"Trinity Biotech, Plc","HIV 1/2, Capillus HIV Kit, 100 Tests","HIV 1/2, Capillus HIV Kit",Capillus,Test kit,100,125,17375.0,139.0,1.39,"Trinity Biotech, Plc",True,92,1425.77,,27.8
808,8258,116-ZA-T01,Pre-PQ Process,SCMS-16600,ASN-1520,South Africa,PMO - US,Direct Drop,DDP,,Pre-PQ Process,1/4/2008,21-Jan-08,4-Jan-08,4-Jan-08,ARV,Adult,"JSI R&T INSTITUTE, INC.","Lopinavir/Ritonavir 133.3/33.3mg [Kaletra], capsules, cool, 2 x 90 Caps",Lopinavir/Ritonavir,Kaletra,Capsule,180,400,18460.0,46.15,0.26,ABBVIE (Abbott) Logis. UK,False,Weight Captured Separately,Freight Included in Commodity Cost,133.3/33.3mg,29.54
809,8263,102-NG-T01,Pre-PQ Process,SCMS-16890,ASN-2267,Nigeria,PMO - US,Direct Drop,EXW,Air,Pre-PQ Process,1/29/2008,19-Sep-08,20-Aug-08,20-Aug-08,HRDT,HIV test,"CHEMBIO DIAGNOSTIC SYSTEMS, INC.","HIV 1/2, Stat-Pak HIV, Kit, 20 Tests","HIV 1/2, Stat-Pak HIV, Kit",Stat-Pak,Test kit,20,6520,176040.0,27.0,1.35,Chembio Diagnostics Sys. Inc.,True,2224,12768.47,,281.66
810,8264,102-NG-T01,Pre-PQ Process,SCMS-16900,ASN-1410,Nigeria,PMO - US,Direct Drop,EXW,Air,Pre-PQ Process,1/29/2008,12-Mar-08,10-Mar-08,10-Mar-08,HRDT,HIV test - Ancillary,"Orgenics, Ltd","HIV, Lancet, Safety, for HIV Test kits, 100 Pcs","HIV, Lancet, Safety, for HIV Test kits, 100 Pcs",Generic,Test kit - Ancillary,100,6199,61.99,0.01,0.0,Inverness Japan,True,Weight Captured Separately,Invoiced Separately,,0.1
811,8271,128-BJ-T01,Pre-PQ Process,SCMS-17290,ASN-1355,Benin,PMO - US,Direct Drop,EXW,Air,Pre-PQ Process,2/6/2008,4-Mar-08,4-Mar-08,4-Mar-08,HRDT,HIV test,"Standard Diagnostics, Inc.","HIV 1/2, Bioline 3.0 Kit, Lancets, Capillary pipets, Alcohol swabs included, 25 Tests","HIV 1/2, Bioline 3.0 Kit, Lancets, Capillary pipets, Alcohol swabs included",Bioline,Test kit,25,232,4640.0,20.0,0.8,"Standard Diagnostics, Korea",True,70,1136.37,,7.42
812,8315,106-HT-T01,Pre-PQ Process,SCMS-18270,ASN-1463,Haiti,PMO - US,Direct Drop,EXW,Air,Pre-PQ Process,2/27/2008,29-Mar-08,29-Mar-08,29-Mar-08,HRDT,HIV test,Orasure Technologies Inc.,"HIV 1/2, OraQuick Advance HIV Rapid Antibody Kit, 100 Tests","HIV 1/2, OraQuick Advance HIV Rapid Antibody Kit",OraQuick,Test kit,100,30,10500.0,350.0,3.5,"Pacific Biotech, Thailand",True,72,2556.61,,16.8
813,8316,104-CI-T01,Pre-PQ Process,SCMS-18330,ASN-3024,Côte d'Ivoire,PMO - US,Direct Drop,EXW,Air,Pre-PQ Process,2/27/2008,18-Feb-09,18-Feb-09,18-Feb-09,HRDT,HIV test,"CHEMBIO DIAGNOSTIC SYSTEMS, INC.","HIV 1/2, Stat-Pak HIV, Kit, 20 Tests","HIV 1/2, Stat-Pak HIV, Kit",Stat-Pak,Test kit,20,289,7803.0,27.0,1.35,Chembio Diagnostics Sys. Inc.,True,84,1550.95,,15.29
814,8317,111-MZ-T01,Pre-PQ Process,SCMS-18340,ASN-1747,Mozambique,PMO - US,Direct Drop,EXW,Air,Pre-PQ Process,2/27/2008,9-Jul-08,9-Jul-08,9-Jul-08,HRDT,HIV test - Ancillary,"Orgenics, Ltd","HIV, Lancet, Safety, for HIV Test kits, 100 Pcs","HIV, Lancet, Safety, for HIV Test kits, 100 Pcs",Generic,Test kit - Ancillary,100,3000,30.0,0.01,0.0,Inverness Japan,True,Weight Captured Separately,Invoiced Separately,,0.05
815,8344,129-KG-T01,Pre-PQ Process,SCMS-19120,ASN-2356,Kyrgyzstan,PMO - US,Direct Drop,DDP,Air,Pre-PQ Process,3/18/2008,19-Sep-08,19-Sep-08,19-Sep-08,HRDT,HIV test,"Orgenics, Ltd","HIV 1/2, DoubleCheck II Kit, 40 Tests","HIV 1/2, DoubleCheck II Kit",DoubleCheck,Test kit,40,500,39500.0,79.0,1.98,Not Applicable,True,Weight Captured Separately,Freight Included in Commodity Cost,,63.2
816,8378,108-VN-T01,Pre-PQ Process,SCMS-20360,ASN-2043,Vietnam,PMO - US,Direct Drop,EXW,Air,Pre-PQ Process,3/31/2008,17-Jul-08,17-Jul-08,17-Jul-08,ARV,Adult,MYLAN LABORATORIES LTD (FORMERLY MATRIX LABORATORIES),"Efavirenz 600mg, tablets, 30 Tabs",Efavirenz,Generic,Tablet,30,10080,115718.4,11.48,0.38,Mylan (formerly Matrix) Nashik,True,772,4408.29,600mg,185.15
817,8407,102-NG-T01,Pre-PQ Process,SCMS-21580,ASN-1786,Nigeria,PMO - US,Direct Drop,EXW,Air,Pre-PQ Process,Date Not Captured,28-May-08,28-May-08,28-May-08,HRDT,HIV test,"Orgenics, Ltd","HIV 1/2, Determine HIV Kit, without Lancets, 100 Tests","HIV 1/2, Determine HIV Kit, without Lancets",Determine,Test kit,100,1130,90388.7,79.99,0.8,Inverness Japan,True,258,3748.24,,144.62
818,8437,102-BW-T01,Pre-PQ Process,SCMS-22700,ASN-1908,Botswana,PMO - US,Direct Drop,EXW,Air,Pre-PQ Process,4/28/2008,31-Jul-08,31-Jul-08,31-Jul-08,HRDT,HIV test,"Orgenics, Ltd","HIV 1/2, Determine HIV Kit, without Lancets, 100 Tests","HIV 1/2, Determine HIV Kit, without Lancets",Determine,Test kit,100,100,7199.0,71.99,0.72,Inverness Japan,True,28,641.06,,11.52
819,8438,102-BW-T01,Pre-PQ Process,SCMS-22700,ASN-1909,Botswana,PMO - US,Direct Drop,EXW,Air,Pre-PQ Process,4/28/2008,31-Jul-08,11-Jul-08,11-Jul-08,HRDT,HIV test - Ancillary,"Orgenics, Ltd","HIV, Lancet, Safety, for HIV Test kits, 100 Pcs","HIV, Lancet, Safety, for HIV Test kits, 100 Pcs",Generic,Test kit - Ancillary,100,100,1.0,0.01,0.0,Inverness Japan,True,Weight Captured Separately,Invoiced Separately,,0.0
820,8440,102-BW-T01,Pre-PQ Process,SCMS-22740,ASN-2400,Botswana,PMO - US,Direct Drop,EXW,Air,Pre-PQ Process,4/28/2008,18-Nov-08,18-Nov-08,18-Nov-08,HRDT,HIV test,"Trinity Biotech, Plc","HIV 1/2, Uni-Gold HIV Kit, 20 Tests","HIV 1/2, Uni-Gold HIV Kit",Uni-Gold,Test kit,20,500,16000.0,32.0,1.6,"Trinity Biotech, Plc",True,166,1225.17,,25.6
821,8459,108-VN-T01,Pre-PQ Process,SCMS-23300,ASN-2485,Vietnam,PMO - US,Direct Drop,EXW,Air,Pre-PQ Process,5/13/2008,6-Oct-08,6-Oct-08,6-Oct-08,ARV,Adult,CIPLA LIMITED,"Lamivudine/Nevirapine/Stavudine 150/200/30mg, tablets, 60 Tabs",Lamivudine/Nevirapine/Stavudine,Generic,Tablet - FDC,60,9792,72460.8,7.4,0.12,"Cipla, Goa, India",True,836,5136.08,150/200/30mg,115.94
822,8460,108-VN-T01,Pre-PQ Process,SCMS-23340,ASN-2277,Vietnam,PMO - US,Direct Drop,EXW,Air,Pre-PQ Process,5/13/2008,19-Sep-08,19-Sep-08,19-Sep-08,ARV,Adult,Aurobindo Pharma Limited,"Nevirapine 200mg, tablets, 60 Tabs",Nevirapine,Generic,Tablet,60,3840,12326.4,3.21,0.05,"Aurobindo Unit III, India",False,See ASN-2277 (ID#:5793),See ASN-2277 (ID#:5793),200mg,19.72
823,8461,108-VN-T01,Pre-PQ Process,SCMS-23440,ASN-2335,Vietnam,PMO - US,Direct Drop,EXW,Air,Pre-PQ Process,5/13/2008,20-Sep-08,20-Sep-08,20-Sep-08,ARV,Adult,MYLAN LABORATORIES LTD (FORMERLY MATRIX LABORATORIES),"Zidovudine 300mg, tablets, 60 Tabs",Zidovudine,Generic,Tablet,60,432,3240.0,7.5,0.12,Mylan (formerly Matrix) Nashik,False,See ASN-2335 (ID#:5796),See ASN-2335 (ID#:5796),300mg,5.18
824,8462,108-VN-T01,Pre-PQ Process,SCMS-23450,ASN-2336,Vietnam,PMO - US,Direct Drop,EXW,Air,Pre-PQ Process,5/14/2008,19-Sep-08,19-Sep-08,19-Sep-08,ARV,Adult,MYLAN LABORATORIES LTD (FORMERLY MATRIX LABORATORIES),"Lamivudine 150mg, tablets, 60 Tabs",Lamivudine,Generic,Tablet,60,14364,37346.4,2.6,0.04,Mylan (formerly Matrix) Nashik,False,See ASN-2336 (ID#:530),See ASN-2336 (ID#:530),150mg,59.75
825,8463,116-ZA-T01,Pre-PQ Process,SCMS-23500,ASN-2293,South Africa,PMO - US,Direct Drop,DDP,Truck,Pre-PQ Process,Date Not Captured,20-Aug-08,8-May-08,8-May-08,ARV,Adult,S. BUYS WHOLESALER,"Stavudine 40mg [Zerit], capsules, 60 Caps",Stavudine,Zerit,Capsule,60,100,517.0,5.17,0.09,"BMS Meymac, France",False,Weight Captured Separately,Freight Included in Commodity Cost,40mg,0.83
826,8464,116-ZA-T01,Pre-PQ Process,SCMS-23500,ASN-2293,South Africa,PMO - US,Direct Drop,DDP,Truck,Pre-PQ Process,Date Not Captured,20-Aug-08,8-May-08,8-May-08,ARV,Adult,S. BUYS WHOLESALER,"Didanosine EC 400mg [Videx EC], delayed-release capsules, Blister 3 x 10 Caps",Didanosine EC,Videx EC,Delayed-release capsules - blister,30,80,1968.0,24.6,0.82,"BMS Meymac, France",False,Weight Captured Separately,Freight Included in Commodity Cost,400mg,3.15
827,8465,116-ZA-T01,Pre-PQ Process,SCMS-23500,ASN-2293,South Africa,PMO - US,Direct Drop,DDP,Truck,Pre-PQ Process,Date Not Captured,20-Aug-08,8-May-08,8-May-08,ARV,Pediatric,S. BUYS WHOLESALER,"Efavirenz 50mg [Stocrin/Sustiva], capsule, 30 Caps",Efavirenz,Stocrin/Sustiva,Capsule,30,240,717.6,2.99,0.1,"MSD Midrand, J'burg, SA",False,Weight Captured Separately,Freight Included in Commodity Cost,50mg,1.15
828,8470,125-HT-T01,Pre-PQ Process,SCMS-23580,ASN-1821,Haiti,PMO - US,Direct Drop,EXW,Air,Pre-PQ Process,5/13/2008,6-Jun-08,6-Jun-08,6-Jun-08,HRDT,HIV test,"Trinity Biotech, Plc","HIV 1/2, Capillus HIV Kit, 100 Tests","HIV 1/2, Capillus HIV Kit",Capillus,Test kit,100,4,556.0,139.0,1.39,"Trinity Biotech, Plc",True,3,1808.19,,0.89
829,8475,106-HT-T01,Pre-PQ Process,SCMS-23790,ASN-2146,Haiti,PMO - US,Direct Drop,CIP,Air,Pre-PQ Process,5/20/2008,20-Aug-08,20-Aug-08,20-Aug-08,HRDT,HIV test,Orasure Technologies Inc.,"HIV 1/2, OraQuick Advance HIV Rapid Antibody Kit, 100 Tests","HIV 1/2, OraQuick Advance HIV Rapid Antibody Kit",OraQuick,Test kit,100,54,18900.0,350.0,3.5,"Pacific Biotech, Thailand",True,Weight Captured Separately,Freight Included in Commodity Cost,,30.24
830,8554,110-ZM-T01,Pre-PQ Process,SCMS-25710,ASN-2843,Zambia,PMO - US,Direct Drop,EXW,Air,Pre-PQ Process,6/20/2008,18-Nov-08,18-Nov-08,18-Nov-08,HRDT,HIV test,"Standard Diagnostics, Inc.","HIV 1/2, Bioline 3.0 Kit, Lancets, Capillary pipets, Alcohol swabs included, 25 Tests","HIV 1/2, Bioline 3.0 Kit, Lancets, Capillary pipets, Alcohol swabs included",Bioline,Test kit,25,500,10000.0,20.0,0.8,"Standard Diagnostics, Korea",True,157,1754.04,,19.6
831,8590,116-ZA-T01,Pre-PQ Process,SCMS-26820,ASN-2488,South Africa,PMO - US,Direct Drop,DDP,Truck,Pre-PQ Process,Date Not Captured,10-Jul-08,8-Jul-08,8-Jul-08,ARV,Pediatric,S. BUYS WHOLESALER,"Lopinavir/Ritonavir 80/20mg/ml [Kaletra], oral solution, cool, Bottle 5 x 60 ml",Lopinavir/Ritonavir,Kaletra,Oral solution,300,10,354.6,35.46,0.12,ABBVIE (Abbott) Logis. UK,False,Weight Captured Separately,Freight Included in Commodity Cost,80/20mg/ml,0.57
832,8603,108-VN-T01,Pre-PQ Process,SCMS-27300,ASN-2855,Vietnam,PMO - US,Direct Drop,FCA,Air,Pre-PQ Process,7/24/2008,3-Dec-08,3-Dec-08,3-Dec-08,ARV,Adult,ABBVIE LOGISTICS (FORMERLY ABBOTT LOGISTICS BV),"Lopinavir/Ritonavir 200/50mg [Aluvia], tablets, 120 Tabs",Lopinavir/Ritonavir,Aluvia,Tablet,120,1080,88776.0,82.2,0.68,ABBVIE Ludwigshafen Germany,True,259,2985.93,200/50mg,174.0
833,8604,108-VN-T01,Pre-PQ Process,SCMS-27310,ASN-2809,Vietnam,PMO - US,Direct Drop,EXW,Air,Pre-PQ Process,7/24/2008,24-Nov-08,24-Nov-08,24-Nov-08,ARV,Adult,Aurobindo Pharma Limited,"Abacavir 300mg, tablets, 60 Tabs",Abacavir,Generic,Tablet,60,380,8930.0,23.5,0.39,"Aurobindo Unit III, India",False,See ASN-2809 (ID#:1955),See ASN-2809 (ID#:1955),300mg,17.5
834,8605,108-VN-T01,Pre-PQ Process,SCMS-27320,ASN-2792,Vietnam,PMO - US,Direct Drop,EXW,Air,Pre-PQ Process,7/24/2008,21-Nov-08,21-Nov-08,21-Nov-08,ARV,Adult,Aurobindo Pharma Limited,"Lamivudine/Nevirapine/Zidovudine 150/200/300mg, tablets, 60 Tabs",Lamivudine/Nevirapine/Zidovudine,Generic,Tablet - FDC,60,2200,25080.0,11.4,0.19,"Aurobindo Unit III, India",False,See ASN-2792 (ID#:5936),See ASN-2792 (ID#:5936),150/300/200mg,49.16
835,8616,106-HT-T01,Pre-PQ Process,SCMS-27880,ASN-2378,Haiti,PMO - US,Direct Drop,FCA,Air,Pre-PQ Process,8/5/2008,29-Sep-08,29-Sep-08,29-Sep-08,ARV,Pediatric,ABBVIE LOGISTICS (FORMERLY ABBOTT LOGISTICS BV),"Lopinavir/Ritonavir 100/25mg [Aluvia], tablets, 60 Tabs",Lopinavir/Ritonavir,Generic,Tablet,60,20,205.6,10.28,0.17,ABBVIE Ludwigshafen Germany,True,19,658.68,100/25mg,0.33
836,8642,117-ET-T01,Pre-PQ Process,SCMS-28710,ASN-2575,Ethiopia,PMO - US,Direct Drop,EXW,Air,Pre-PQ Process,8/22/2008,7-Oct-08,6-Oct-08,6-Oct-08,HRDT,HIV test,"SHANGHAI KEHUA BIOENGINEERING CO.,LTD.  (KHB)","HIV 1/2, SKB Colloidal Gold, Diagnostic Kit, Antibody, 50 Tests","HIV 1/2, Colloidal Gold, Diagnostic Kit, Antibody",Colloidal Gold,Test kit,1,7002,161046.0,23.0,23.0,"KHB Test Kit Facility, Shanghai China",True,5057,44347.71,,257.67
837,8645,116-ZA-T01,Pre-PQ Process,SCMS-28830,ASN-2503,South Africa,PMO - US,Direct Drop,DDP,Truck,Pre-PQ Process,Date Not Captured,25-Aug-08,14-Aug-08,14-Aug-08,ARV,Adult,S. BUYS WHOLESALER,"Efavirenz 600mg, tablets, 30 Tabs",Efavirenz,Generic,Tablet,30,1500,24300.0,16.2,0.54,"Cipla, Goa, India",False,Weight Captured Separately,Freight Included in Commodity Cost,600mg,38.88
838,8646,116-ZA-T01,Pre-PQ Process,SCMS-28830,ASN-2503,South Africa,PMO - US,Direct Drop,DDP,Truck,Pre-PQ Process,Date Not Captured,25-Aug-08,14-Aug-08,14-Aug-08,ARV,Pediatric,S. BUYS WHOLESALER,"Efavirenz 50mg [Stocrin/Sustiva], capsule, 30 Caps",Efavirenz,Stocrin/Sustiva,Capsule,30,200,572.0,2.86,0.1,"MSD Midrand, J'burg, SA",False,Weight Captured Separately,Freight Included in Commodity Cost,50mg,0.92
839,8648,133-NG-T01,Pre-PQ Process,SCMS-28870,ASN-2794,Nigeria,PMO - US,Direct Drop,EXW,Air,Pre-PQ Process,8/26/2008,15-Jan-09,20-Nov-08,20-Nov-08,HRDT,HIV test,"CHEMBIO DIAGNOSTIC SYSTEMS, INC.","HIV 1/2, Stat-Pak HIV, Kit, 20 Tests","HIV 1/2, Stat-Pak HIV, Kit",Stat-Pak,Test kit,20,10594,286038.0,27.0,1.35,Chembio Diagnostics Sys. Inc.,True,3039,24025.77,,560.63
840,9089,106-HT-T01,Pre-PQ Process,SCMS-42690,ASN-4799,Haiti,PMO - US,Direct Drop,EXW,Air,Pre-PQ Process,4/2/2009,31-Aug-09,31-Aug-09,31-Aug-09,HRDT,HIV test,"Trinity Biotech, Plc","HIV 1/2, Capillus HIV Kit, 100 Tests","HIV 1/2, Capillus HIV Kit",Capillus,Test kit,100,150,20850.0,139.0,1.39,"Trinity Biotech, Plc",True,113,2486.15,,40.87
841,8692,131-NG-T01,Pre-PQ Process,SCMS-30500,ASN-2896,Nigeria,PMO - US,Direct Drop,CIP,Air,Pre-PQ Process,9/23/2008,10-Mar-09,24-Nov-08,24-Nov-08,ARV,Adult,MERCK SHARP & DOHME IDEA GMBH (FORMALLY MERCK SHARP & DOHME B.V.),"Efavirenz/Emtricitabine/Tenofovir Disoproxil Fumarate 600/200/300mg [Atripla], tablets, 30 Tabs",Efavirenz/Emtricitabine/Tenofovir Disoproxil Fumarate,Atripla,Tablet - FDC,30,2000,100800.0,50.4,1.68,"MSD, Haarlem, NL",True,169,924.4,600/200/300mg,197.57
842,8693,131-NG-T01,Pre-PQ Process,SCMS-30501,ASN-3706,Nigeria,PMO - US,Direct Drop,CIP,Air,Pre-PQ Process,9/23/2008,10-Mar-09,10-Mar-09,10-Mar-09,ARV,Adult,MERCK SHARP & DOHME IDEA GMBH (FORMALLY MERCK SHARP & DOHME B.V.),"Efavirenz/Emtricitabine/Tenofovir Disoproxil Fumarate 600/200/300mg [Atripla], tablets, 30 Tabs",Efavirenz/Emtricitabine/Tenofovir Disoproxil Fumarate,Atripla,Tablet - FDC,30,3991,201146.4,50.4,1.68,"MSD, Haarlem, NL",True,Weight Captured Separately,Freight Included in Commodity Cost,600/200/300mg,394.25
843,8713,102-BW-T01,Pre-PQ Process,SCMS-31360,ASN-2737,Botswana,PMO - US,Direct Drop,EXW,Air,Pre-PQ Process,10/2/2008,20-Nov-08,20-Nov-08,20-Nov-08,HRDT,HIV test - Ancillary,Orasure Technologies Inc.,"#109435**HIV, OraQuick Controls Kit, 3 Vials","HIV, OraQuick Controls Kit, 3 Vials",OraQuick,Test kit - Ancillary,3,10,152.5,15.25,5.08,"Orasure Technologies, Inc USA",True,7,526.05,,0.3
844,8714,110-ZM-T01,Pre-PQ Process,SCMS-31390,ASN-3508,Zambia,PMO - US,Direct Drop,EXW,Air,Pre-PQ Process,10/2/2008,18-Mar-09,18-Mar-09,18-Mar-09,HRDT,HIV test - Ancillary,"Orgenics, Ltd","HIV, Lancet, Safety, for HIV Test kits, 100 Pcs","HIV, Lancet, Safety, for HIV Test kits, 100 Pcs",Generic,Test kit - Ancillary,100,5500,55.0,0.01,0.0,Inverness Japan,False,See ASN-3508 (ID#:3441),See ASN-3508 (ID#:3441),,0.11
845,8735,111-MZ-T01,Pre-PQ Process,SCMS-31750,ASN-3507,Mozambique,PMO - US,Direct Drop,EXW,Air,Pre-PQ Process,10/14/2008,14-Apr-09,14-Apr-09,14-Apr-09,HRDT,HIV test,"Orgenics, Ltd","HIV 1/2, Determine Complete HIV Kit, 100 Tests","HIV 1/2, Determine Complete HIV Kit",Determine,Test kit,100,4800,345600.0,72.0,0.72,Inverness Japan,True,1417,13093.27,,677.38
846,8737,119-NA-T01,Pre-PQ Process,SCMS-31790,ASN-2947,Namibia,PMO - US,Direct Drop,EXW,Air,Pre-PQ Process,10/14/2008,22-Dec-08,22-Dec-08,22-Dec-08,HRDT,HIV test,"Trinity Biotech, Plc","HIV 1/2, Uni-Gold HIV Kit, 20 Tests","HIV 1/2, Uni-Gold HIV Kit",Uni-Gold,Test kit,20,650,20800.0,32.0,1.6,"Trinity Biotech, Plc",True,278,7936.81,,40.77
847,8738,119-NA-T01,Pre-PQ Process,SCMS-31800,ASN-3210,Namibia,PMO - US,Direct Drop,EXW,Air,Pre-PQ Process,10/14/2008,23-Jan-09,23-Jan-09,23-Jan-09,HRDT,HIV test,"Orgenics, Ltd","HIV 1/2, Clearview Complete Kit, 25 Tests","HIV 1/2, Clearview Complete Kit",Clearview,Test kit,25,20,1500.0,75.0,3.0,Inverness USA,True,9,1153.43,,2.94
848,8760,141-NA-T01,Pre-PQ Process,SCMS-32420,ASN-3079,Namibia,PMO - US,Direct Drop,EXW,Air,Pre-PQ Process,10/24/2008,14-Jan-09,14-Jan-09,14-Jan-09,HRDT,HIV test,"Trinity Biotech, Plc","HIV 1/2, Uni-Gold HIV Kit, 20 Tests","HIV 1/2, Uni-Gold HIV Kit",Uni-Gold,Test kit,20,35,1120.0,32.0,1.6,"Trinity Biotech, Plc",True,12,585.12,,2.2
849,8770,117-ET-T01,Pre-PQ Process,SCMS-32640,ASN-2936,Ethiopia,PMO - US,Direct Drop,EXW,Air,Pre-PQ Process,10/27/2008,3-Dec-08,1-Dec-08,1-Dec-08,HRDT,HIV test,"SHANGHAI KEHUA BIOENGINEERING CO.,LTD.  (KHB)","HIV 1/2, SKB Colloidal Gold, Diagnostic Kit, Antibody, 50 Tests","HIV 1/2, Colloidal Gold, Diagnostic Kit, Antibody",Colloidal Gold,Test kit,1,3470,79810.0,23.0,23.0,"KHB Test Kit Facility, Shanghai China",True,2509,22803.8,,156.43
850,8802,109-TZ-T01,Pre-PQ Process,SCMS-34430,ASN-3699,Tanzania,PMO - US,Direct Drop,EXW,Air,Pre-PQ Process,12/2/2008,17-May-09,17-May-09,17-May-09,HRDT,HIV test,"Trinity Biotech, Plc","HIV 1/2, Uni-Gold HIV Kit, 20 Tests","HIV 1/2, Uni-Gold HIV Kit",Uni-Gold,Test kit,20,839,26848.0,32.0,1.6,"Trinity Biotech, Plc",True,277,3146.63,,52.62
851,9034,116-ZA-T01,Pre-PQ Process,SCMS-41100,ASN-4668,South Africa,PMO - US,Direct Drop,DDP,Air,Pre-PQ Process,3/13/2009,17-Jun-09,3-Apr-09,3-Apr-09,ARV,Adult,S. BUYS WHOLESALER,"Zidovudine 300mg, tablets, 60 Tabs",Zidovudine,Generic,Tablet,60,4023,46988.64,11.68,0.19,"Aurobindo Unit III, India",True,Weight Captured Separately,Freight Included in Commodity Cost,300mg,92.1
852,8803,109-TZ-T01,Pre-PQ Process,SCMS-34690,ASN-3853,Tanzania,PMO - US,Direct Drop,CIP,Air,Pre-PQ Process,12/30/2008,15-Jun-09,15-Jun-09,15-Jun-09,ARV,Adult,MERCK SHARP & DOHME IDEA GMBH (FORMALLY MERCK SHARP & DOHME B.V.),"Efavirenz/Emtricitabine/Tenofovir Disoproxil Fumarate 600/200/300mg [Atripla], tablets, 30 Tabs",Efavirenz/Emtricitabine/Tenofovir Disoproxil Fumarate,Atripla,Tablet - FDC,30,2680,135072.0,50.4,1.68,"MSD, Haarlem, NL",False,See ASN-3853 (ID#:4824),See ASN-3853 (ID#:4824),600/200/300mg,264.74
853,8864,109-TZ-T01,Pre-PQ Process,SCMS-36490,ASN-3170,Tanzania,PMO - US,Direct Drop,FCA,Air,Pre-PQ Process,12/30/2008,23-Feb-09,23-Feb-09,23-Feb-09,ARV,Adult,ABBVIE LOGISTICS (FORMERLY ABBOTT LOGISTICS BV),"Lopinavir/Ritonavir 200/50mg [Aluvia], tablets, 120 Tabs",Lopinavir/Ritonavir,Aluvia,Tablet,120,12500,513750.0,41.1,0.34,ABBVIE Ludwigshafen Germany,True,3088,12937.16,200/50mg,1006.95
854,8892,108-VN-T01,Pre-PQ Process,SCMS-37200,ASN-3630,Vietnam,PMO - US,Direct Drop,EXW,Air,Pre-PQ Process,1/16/2009,9-Apr-09,9-Apr-09,9-Apr-09,ARV,Adult,MYLAN LABORATORIES LTD (FORMERLY MATRIX LABORATORIES),"Zidovudine 300mg, tablets, 60 Tabs",Zidovudine,Generic,Tablet,60,168,1260.0,7.5,0.12,Mylan (formerly Matrix) Nashik,True,9,2793.62,300mg,2.47
855,8893,108-VN-T01,Pre-PQ Process,SCMS-37190,ASN-3522,Vietnam,PMO - US,Direct Drop,EXW,Air,Pre-PQ Process,1/16/2009,27-Mar-09,27-Mar-09,27-Mar-09,ARV,Adult,CIPLA LIMITED,"Lamivudine/Nevirapine/Stavudine 150/200/30mg, tablets, 60 Tabs",Lamivudine/Nevirapine/Stavudine,Generic,Tablet - FDC,60,24480,168912.0,6.9,0.12,"Cipla, Goa, India",True,2165,4443.97,150/200/30mg,331.07
856,8909,144-BW-T01,Pre-PQ Process,SCMS-38050,ASN-3424,Botswana,PMO - US,Direct Drop,EXW,Air,Pre-PQ Process,2/6/2009,3-Mar-09,3-Mar-09,3-Mar-09,HRDT,HIV test,Orasure Technologies Inc.,"HIV 1/2, OraQuick Advance HIV Rapid Antibody Kit, 100 Tests","HIV 1/2, OraQuick Advance HIV Rapid Antibody Kit",OraQuick,Test kit,100,5,1750.0,350.0,3.5,"Pacific Biotech, Thailand",True,12,810.85,,3.43
857,8922,109-TZ-T01,Pre-PQ Process,SCMS-38410,ASN-4381,Tanzania,PMO - US,Direct Drop,FCA,Air,Pre-PQ Process,2/5/2009,11-Aug-09,11-Aug-09,11-Aug-09,ARV,Adult,ABBVIE LOGISTICS (FORMERLY ABBOTT LOGISTICS BV),"Lopinavir/Ritonavir 200/50mg [Aluvia], tablets, 120 Tabs",Lopinavir/Ritonavir,Aluvia,Tablet,120,60,2466.0,41.1,0.34,ABBVIE Ludwigshafen Germany,False,See ASN-4381 (ID#:4949),See ASN-4381 (ID#:4949),200/50mg,4.83
858,8989,107-RW-T01,Pre-PQ Process,SCMS-30311,ASN-3852,Rwanda,PMO - US,Direct Drop,CIP,Air,Pre-PQ Process,10/21/2008,21-Apr-09,21-Apr-09,21-Apr-09,ARV,Adult,CIPLA LIMITED,"Lamivudine/Zidovudine 150/300mg, tablets, 60 Tabs",Lamivudine/Zidovudine,Generic,Tablet - FDC,60,22752,207043.2,9.1,0.15,"Cipla, Goa, India",True,2086,853.87,150/300mg,405.8
859,8996,106-HT-T01,Pre-PQ Process,SCMS-39940,ASN-3753,Haiti,PMO - US,Direct Drop,FCA,Air,Pre-PQ Process,3/4/2009,15-Apr-09,15-Apr-09,15-Apr-09,ARV,Pediatric,ABBVIE LOGISTICS (FORMERLY ABBOTT LOGISTICS BV),"Lopinavir/Ritonavir 100/25mg [Aluvia], tablets, 60 Tabs",Lopinavir/Ritonavir,Generic,Tablet,60,14,143.92,10.28,0.17,ABBVIE Ludwigshafen Germany,True,7,810.36,100/25mg,0.28
860,9000,106-HT-T01,Pre-PQ Process,SCMS-40050,ASN-3743,Haiti,PMO - US,Direct Drop,EXW,Air,Pre-PQ Process,3/6/2009,21-Apr-09,21-Apr-09,21-Apr-09,ARV,Adult,MYLAN LABORATORIES LTD (FORMERLY MATRIX LABORATORIES),"Tenofovir Disoproxil Fumarate 300mg, tablets, 30 Tabs",Tenofovir Disoproxil Fumarate,Generic,Tablet,30,560,5040.0,9.0,0.3,Mylan (formerly Matrix) Nashik,True,32050,806.55,300mg,9.88
861,9002,106-HT-T01,Pre-PQ Process,SCMS-40060,ASN-3712,Haiti,PMO - US,Direct Drop,FCA,Air,Pre-PQ Process,3/6/2009,20-Apr-09,20-Apr-09,20-Apr-09,ARV,Pediatric,ABBVIE LOGISTICS (FORMERLY ABBOTT LOGISTICS BV),"Lopinavir/Ritonavir 80/20mg/ml [Kaletra], oral solution, cool, Bottle 5 x 60 ml",Lopinavir/Ritonavir,Kaletra,Oral solution,300,50,2055.0,41.1,0.14,ABBVIE (Abbott) Logis. UK,True,99,2704.58,80/20mg/ml,4.03
862,9022,116-ZA-T01,Pre-PQ Process,SCMS-40800,ASN-3577,South Africa,PMO - US,Direct Drop,DDP,Air,Pre-PQ Process,Date Not Captured,24-Mar-09,1-Dec-08,1-Dec-08,ARV,Pediatric,S. BUYS WHOLESALER,"Lopinavir/Ritonavir 80/20mg/ml [Kaletra], oral solution, cool, Bottle 5 x 60 ml",Lopinavir/Ritonavir,Kaletra,Oral solution,300,90,2834.1,31.49,0.1,ABBVIE (Abbott) Logis. UK,True,Weight Captured Separately,Freight Included in Commodity Cost,80/20mg/ml,5.55
863,9023,116-ZA-T01,Pre-PQ Process,SCMS-40830,ASN-3578,South Africa,PMO - US,Direct Drop,DDP,Air,Pre-PQ Process,Date Not Captured,28-Apr-09,19-Dec-08,19-Dec-08,ARV,Adult,S. BUYS WHOLESALER,"Efavirenz 600mg, tablets, 30 Tabs",Efavirenz,Generic,Tablet,30,3710,60732.7,16.37,0.55,"Aurobindo Unit III, India",True,Weight Captured Separately,Freight Included in Commodity Cost,600mg,119.04
864,9024,116-ZA-T01,Pre-PQ Process,SCMS-40840,ASN-3779,South Africa,PMO - US,Direct Drop,DDP,Air,Pre-PQ Process,Date Not Captured,3-Apr-09,3-Apr-09,3-Apr-09,ARV,Adult,S. BUYS WHOLESALER,"Stavudine 30mg, capsules, 60 Caps",Stavudine,Generic,Capsule,60,25637,63323.39,2.47,0.04,"Aurobindo Unit III, India",True,Weight Captured Separately,Freight Included in Commodity Cost,30mg,124.11
865,9025,116-ZA-T01,Pre-PQ Process,SCMS-40870,ASN-3582,South Africa,PMO - US,Direct Drop,DDP,Air,Pre-PQ Process,Date Not Captured,30-Jun-09,30-Jan-09,30-Jan-09,ARV,Adult,S. BUYS WHOLESALER,"Lamivudine 150mg, tablets, 60 Tabs",Lamivudine,Generic,Tablet,60,1200,6564.0,5.47,0.09,"Aurobindo Unit III, India",True,Weight Captured Separately,Freight Included in Commodity Cost,150mg,12.87
866,9026,116-ZA-T01,Pre-PQ Process,SCMS-40880,ASN-3610,South Africa,PMO - US,Direct Drop,DDP,Air,Pre-PQ Process,Date Not Captured,7-Jul-09,2-Feb-09,2-Feb-09,ARV,Adult,S. BUYS WHOLESALER,"Lamivudine 150mg, tablets, 60 Tabs",Lamivudine,Generic,Tablet,60,16000,85280.0,5.33,0.09,"Aurobindo Unit III, India",False,Weight Captured Separately,Freight Included in Commodity Cost,150mg,167.15
867,9032,116-ZA-T01,Pre-PQ Process,SCMS-41040,ASN-3623,South Africa,PMO - US,Direct Drop,DDP,Air,Pre-PQ Process,Date Not Captured,7-Apr-09,3-Dec-08,3-Dec-08,ARV,Pediatric,S. BUYS WHOLESALER,"Lamivudine 10mg/ml [Epivir], oral solution, Bottle, 240 ml",Lamivudine,Epivir,Oral solution,240,2000,10380.0,5.19,0.02,GSK Mississauga (Canada),False,Weight Captured Separately,Freight Included in Commodity Cost,10mg/ml,20.34
868,9033,116-ZA-T01,Pre-PQ Process,SCMS-41080,ASN-3637,South Africa,PMO - US,Direct Drop,DDP,Air,Pre-PQ Process,Date Not Captured,26-May-09,22-Jan-09,22-Jan-09,ARV,Pediatric,S. BUYS WHOLESALER,"Lamivudine 10mg/ml, oral solution, Bottle, 240 ml",Lamivudine,Generic,Oral solution,240,1500,5445.0,3.63,0.02,"Aurobindo Unit III, India",False,Weight Captured Separately,Freight Included in Commodity Cost,10mg/ml,10.67
869,9086,110-ZM-T01,Pre-PQ Process,SCMS-42640,ASN-4439,Zambia,PMO - US,Direct Drop,EXW,Air,Pre-PQ Process,4/2/2009,23-Jul-09,23-Jul-09,23-Jul-09,HRDT,HIV test,"Orgenics, Ltd","HIV 1/2, Determine Complete HIV Kit, 100 Tests","HIV 1/2, Determine Complete HIV Kit",Determine,Test kit,100,4500,324000.0,72.0,0.72,Inverness Japan,True,1330,11559.65,,635.04
870,9036,116-ZA-T01,Pre-PQ Process,SCMS-41140,ASN-3752,South Africa,PMO - US,Direct Drop,DDP,Air,Pre-PQ Process,Date Not Captured,31-Mar-09,21-Nov-08,21-Nov-08,ARV,Adult,S. BUYS WHOLESALER,"Nevirapine 200mg, tablets, 60 Tabs",Nevirapine,Generic,Tablet,60,200,2998.0,14.99,0.25,"Cipla, Goa, India",False,Weight Captured Separately,Freight Included in Commodity Cost,200mg,5.88
871,9037,116-ZA-T01,Pre-PQ Process,SCMS-41140,ASN-3752,South Africa,PMO - US,Direct Drop,DDP,Air,Pre-PQ Process,Date Not Captured,31-Mar-09,21-Nov-08,21-Nov-08,ARV,Pediatric,S. BUYS WHOLESALER,"Efavirenz 200mg [Stocrin/Sustiva], capsule, 90 Caps",Efavirenz,Stocrin/Sustiva,Capsule,90,100,2454.0,24.54,0.27,"MSD Midrand, J'burg, SA",False,Weight Captured Separately,Freight Included in Commodity Cost,200mg,4.81
872,9038,116-ZA-T01,Pre-PQ Process,SCMS-41150,ASN-3759,South Africa,PMO - US,Direct Drop,DDP,Air,Pre-PQ Process,Date Not Captured,1-Apr-09,21-Nov-08,21-Nov-08,ARV,Pediatric,S. BUYS WHOLESALER,"Lopinavir/Ritonavir 80/20mg/ml [Kaletra], oral solution, cool, Bottle 5 x 60 ml",Lopinavir/Ritonavir,Kaletra,Oral solution,300,80,2388.8,29.86,0.1,ABBVIE (Abbott) Logis. UK,False,Weight Captured Separately,Freight Included in Commodity Cost,80/20mg/ml,4.68
873,9090,106-HT-T01,Pre-PQ Process,SCMS-42700,ASN-4005,Haiti,PMO - US,Direct Drop,EXW,Air,Pre-PQ Process,4/2/2009,3-Jun-09,3-Jun-09,3-Jun-09,HRDT,HIV test,Orasure Technologies Inc.,"HIV 1/2, OraQuick Advance HIV Rapid Antibody Kit, 100 Tests","HIV 1/2, OraQuick Advance HIV Rapid Antibody Kit",OraQuick,Test kit,100,55,19250.0,350.0,3.5,"Pacific Biotech, Thailand",True,132,3013.19,,37.73
874,9039,116-ZA-T01,Pre-PQ Process,SCMS-41190,ASN-3732,South Africa,PMO - US,Direct Drop,DDP,Air,Pre-PQ Process,Date Not Captured,30-Mar-09,21-Jan-09,21-Jan-09,ARV,Adult,S. BUYS WHOLESALER,"Lopinavir/Ritonavir 200/50mg [Aluvia], tablets, 120 Tabs",Lopinavir/Ritonavir,Aluvia,Tablet,120,200,6182.0,30.91,0.26,ABBVIE Ludwigshafen Germany,False,Weight Captured Separately,Freight Included in Commodity Cost,200/50mg,12.12
875,9040,116-ZA-T01,Pre-PQ Process,SCMS-41190,ASN-3732,South Africa,PMO - US,Direct Drop,DDP,Air,Pre-PQ Process,Date Not Captured,30-Mar-09,21-Jan-09,21-Jan-09,ARV,Pediatric,S. BUYS WHOLESALER,"Zidovudine 10mg/ml [Retrovir], oral solution, Bottle, 200 ml",Zidovudine,Retrovir,Oral solution,200,140,833.0,5.95,0.03,GSK Mississauga (Canada),False,Weight Captured Separately,Freight Included in Commodity Cost,10mg/ml,1.63
876,9041,116-ZA-T01,Pre-PQ Process,SCMS-41190,ASN-3732,South Africa,PMO - US,Direct Drop,DDP,Air,Pre-PQ Process,Date Not Captured,30-Mar-09,21-Jan-09,21-Jan-09,ARV,Adult,S. BUYS WHOLESALER,"Emtricitabine/Tenofovir Disoproxil Fumarate 200/300mg [Truvada], tablets, 30 Tabs",Emtricitabine/Tenofovir Disoproxil Fumarate,Truvada,Tablet - FDC,30,60,1813.2,30.22,1.01,"Aspen-OSD, Port Elizabeth, SA",False,Weight Captured Separately,Freight Included in Commodity Cost,300/200mg,3.55
877,9042,116-ZA-T01,Pre-PQ Process,SCMS-41190,ASN-3732,South Africa,PMO - US,Direct Drop,DDP,Air,Pre-PQ Process,Date Not Captured,30-Mar-09,21-Jan-09,21-Jan-09,ARV,Pediatric,S. BUYS WHOLESALER,"Nevirapine 10mg/ml [Viramune], oral suspension, Bottle, 240 ml",Nevirapine,Viramune,Oral suspension,240,30,323.4,10.78,0.04,"BI, Ingelheim, Germany",False,Weight Captured Separately,Freight Included in Commodity Cost,10mg/ml,0.63
878,9043,116-ZA-T01,Pre-PQ Process,SCMS-41210,ASN-3737,South Africa,PMO - US,Direct Drop,DDP,Air,Pre-PQ Process,Date Not Captured,30-Mar-09,23-Jan-09,23-Jan-09,ARV,Adult,S. BUYS WHOLESALER,"Lamivudine 150mg [Epivir], tablets, 60 Tabs",Lamivudine,Epivir,Tablet,60,1200,6012.0,5.01,0.08,GSK Cape Town Factory (South Africa),False,Weight Captured Separately,Freight Included in Commodity Cost,150mg,11.78
879,9053,116-ZA-T01,Pre-PQ Process,SCMS-41588,ASN-4359,South Africa,PMO - US,Direct Drop,DDP,Air,Pre-PQ Process,3/27/2009,25-Jun-09,17-Apr-09,17-Apr-09,ARV,Pediatric,S. BUYS WHOLESALER,"Didanosine 100mg [Videx],chewable tablets, 60 Tabs",Didanosine,Videx,Chewable/dispersible tablet,60,2160,23133.6,10.71,0.18,"BMS Meymac, France",True,Weight Captured Separately,Freight Included in Commodity Cost,100mg,45.34
880,9054,116-ZA-T01,Pre-PQ Process,SCMS-41585,ASN-4386,South Africa,PMO - US,Direct Drop,DDP,Air,Pre-PQ Process,3/27/2009,25-Jun-09,21-Apr-09,21-Apr-09,ARV,Adult,S. BUYS WHOLESALER,"Lamivudine 150mg [Epivir], tablets, 60 Tabs",Lamivudine,Epivir,Tablet,60,3000,16080.0,5.36,0.09,GSK Cape Town Factory (South Africa),False,Weight Captured Separately,Freight Included in Commodity Cost,150mg,31.52
881,9055,116-ZA-T01,Pre-PQ Process,SCMS-41586,ASN-4387,South Africa,PMO - US,Direct Drop,DDP,Air,Pre-PQ Process,3/27/2009,25-Jun-09,15-Apr-09,15-Apr-09,ARV,Adult,S. BUYS WHOLESALER,"Nevirapine 200mg [Viramune], tablets, 60 Tabs",Nevirapine,Viramune,Tablet,60,6000,100560.0,16.76,0.28,"Boehringer Ing., Koropi, GR",False,Weight Captured Separately,Freight Included in Commodity Cost,200mg,197.1
882,9056,116-ZA-T01,Pre-PQ Process,SCMS-41587,ASN-4602,South Africa,PMO - US,Direct Drop,DDP,Air,Pre-PQ Process,3/27/2009,25-Jun-09,16-Apr-09,16-Apr-09,ARV,Pediatric,S. BUYS WHOLESALER,"Didanosine 100mg [Videx],chewable tablets, 60 Tabs",Didanosine,Videx,Chewable/dispersible tablet,60,6840,73256.4,10.71,0.18,"BMS Meymac, France",False,Weight Captured Separately,Freight Included in Commodity Cost,100mg,143.58
883,9078,116-ZA-T01,Pre-PQ Process,SCMS-47390,ASN-4402,South Africa,PMO - US,Direct Drop,DDP,Truck,Pre-PQ Process,4/2/2009,31-Jul-09,21-Apr-09,21-Apr-09,ARV,Adult,S. BUYS WHOLESALER,"Ritonavir 100mg [Norvir], capsules, cool, 84 Caps",Ritonavir,Norvir,Capsule,84,10,84.0,8.4,0.1,ABBVIE (Abbott) Logis. UK,False,Weight Captured Separately,Freight Included in Commodity Cost,100mg,0.16
884,9080,116-ZA-T01,Pre-PQ Process,SCMS-47320,ASN-4224,South Africa,PMO - US,Direct Drop,DDP,Truck,Pre-PQ Process,4/2/2009,15-May-09,15-May-09,15-May-09,ARV,Adult,S. BUYS WHOLESALER,"Didanosine EC 400mg [Videx EC], delayed-release capsules, Blister 3 x 10 Caps",Didanosine EC,Videx EC,Delayed-release capsules - blister,30,80,1502.4,18.78,0.63,"BMS Meymac, France",True,Weight Captured Separately,Freight Included in Commodity Cost,400mg,2.94
885,9081,116-ZA-T01,Pre-PQ Process,SCMS-47500,ASN-4332,South Africa,PMO - US,Direct Drop,DDP,Truck,Pre-PQ Process,4/2/2009,15-May-09,23-Apr-09,23-Apr-09,ARV,Pediatric,S. BUYS WHOLESALER,"Zidovudine 10mg/ml, oral solution, Bottle, 240 ml",Zidovudine,Generic,Oral solution,240,200,1208.0,6.04,0.03,"Aurobindo Unit III, India",False,See ASN-4332 (ID#:1115),See ASN-4332 (ID#:1115),10mg/ml,2.37
886,9085,104-CI-T01,Pre-PQ Process,SCMS-42600,ASN-4242,Côte d'Ivoire,PMO - US,Direct Drop,EXW,Air,Pre-PQ Process,4/2/2009,1-Jul-09,1-Jul-09,1-Jul-09,HRDT,HIV test,"Standard Diagnostics, Inc.","HIV 1/2, Bioline 3.0 Kit, Lancets, Capillary pipets, Alcohol swabs included, 25 Tests","HIV 1/2, Bioline 3.0 Kit, Lancets, Capillary pipets, Alcohol swabs included",Bioline,Test kit,25,500,10000.0,20.0,0.8,"Standard Diagnostics, Korea",True,136,2094.08,,19.6
887,9088,106-HT-T01,Pre-PQ Process,SCMS-42680,ASN-3808,Haiti,PMO - US,Direct Drop,EXW,Air,Pre-PQ Process,4/2/2009,24-Apr-09,24-Apr-09,24-Apr-09,HRDT,HIV test,"Trinity Biotech, Plc","HIV 1/2, Capillus HIV Kit, 100 Tests","HIV 1/2, Capillus HIV Kit",Capillus,Test kit,100,150,20850.0,139.0,1.39,"Trinity Biotech, Plc",True,105,1894.41,,40.87
888,9093,112-NG-T01,Pre-PQ Process,SCMS-42830,ASN-3984,Nigeria,PMO - US,Direct Drop,FCA,Air,Pre-PQ Process,4/1/2009,20-May-09,20-May-09,20-May-09,ARV,Adult,ABBVIE LOGISTICS (FORMERLY ABBOTT LOGISTICS BV),"Lopinavir/Ritonavir 200/50mg [Aluvia], tablets, 120 Tabs",Lopinavir/Ritonavir,Aluvia,Tablet,120,159,6534.9,41.1,0.34,ABBVIE Ludwigshafen Germany,False,See ASN-3984 (ID#:2499),See ASN-3984 (ID#:2499),200/50mg,12.81
889,9095,102-KE-T01,Pre-PQ Process,SCMS-42981,ASN-4647,Kenya,PMO - US,Direct Drop,EXW,Air,Pre-PQ Process,5/14/2009,10-Jul-09,28-Aug-09,28-Aug-09,HRDT,HIV test,"Orgenics, Ltd","HIV 1/2, Determine Complete HIV Kit, 100 Tests","HIV 1/2, Determine Complete HIV Kit",Determine,Test kit,100,7500,600000.0,80.0,0.8,Inverness Japan,True,2215,17974.69,,1176.0
890,9096,102-KE-T01,Pre-PQ Process,SCMS-42990,ASN-3894,Kenya,PMO - US,Direct Drop,EXW,Air,Pre-PQ Process,4/4/2009,20-May-09,20-May-09,20-May-09,HRDT,HIV test,"Standard Diagnostics, Inc.","HIV 1/2, Bioline 3.0 Kit, (no accessories), 30 Tests","HIV 1/2, Bioline 3.0 Kit (no accessories)",Bioline,Test kit,30,5000,120000.0,24.0,0.8,"Standard Diagnostics, Korea",True,1558,11653.64,,235.2
891,9100,133-NG-T01,Pre-PQ Process,SCMS-43320,ASN-4100,Nigeria,PMO - US,Direct Drop,EXW,Air,Pre-PQ Process,4/9/2009,24-Jun-09,8-Jun-09,8-Jun-09,HRDT,HIV test,"Orgenics, Ltd","HIV 1/2, Determine Complete HIV Kit, 100 Tests","HIV 1/2, Determine Complete HIV Kit",Determine,Test kit,100,1500,120000.0,80.0,0.8,Inverness Japan,True,445,7120,,235.2
892,9145,139-NA-T01,Pre-PQ Process,SCMS-44710,ASN-3897,Namibia,PMO - US,Direct Drop,EXW,Air,Pre-PQ Process,4/20/2009,5-Jun-09,5-Jun-09,5-Jun-09,HRDT,HIV test,"Trinity Biotech, Plc","HIV 1/2, Uni-Gold HIV Kit, 20 Tests","HIV 1/2, Uni-Gold HIV Kit",Uni-Gold,Test kit,20,600,19200.0,32.0,1.6,"Trinity Biotech, Plc",True,205,6148.29,,37.63
893,9151,108-VN-T01,Pre-PQ Process,SCMS-45010,ASN-4303,Vietnam,PMO - US,Direct Drop,EXW,Air,Pre-PQ Process,4/29/2009,11-Jul-09,11-Jul-09,11-Jul-09,ARV,Adult,CIPLA LIMITED,"Lamivudine/Nevirapine/Stavudine 150/200/30mg, tablets, 60 Tabs",Lamivudine/Nevirapine/Stavudine,Generic,Tablet - FDC,60,19392,130896.0,6.75,0.11,"Cipla, Goa, India",True,1899,5209.46,150/200/30mg,256.56
894,9154,108-VN-T01,Pre-PQ Process,SCMS-45070,ASN-4419,Vietnam,PMO - US,Direct Drop,EXW,Air,Pre-PQ Process,4/29/2009,10-Jul-09,10-Jul-09,10-Jul-09,ARV,Adult,Aurobindo Pharma Limited,"Lamivudine 150mg, tablets, 60 Tabs",Lamivudine,Generic,Tablet,60,6000,14400.0,2.4,0.04,"Aurobindo Unit III, India",False,See ASN-4419 (ID#:3851),See ASN-4419 (ID#:3851),150mg,28.22
895,9173,119-NA-T01,Pre-PQ Process,SCMS-45630,ASN-4079,Namibia,PMO - US,Direct Drop,EXW,Air,Pre-PQ Process,5/8/2009,8-Jun-09,8-Jun-09,8-Jun-09,ARV,Pediatric,Aurobindo Pharma Limited,"Stavudine 1mg/ml, powder for oral solution, 200 ml",Stavudine,Generic,Oral solution,200,800,1072.0,1.34,0.01,"Aurobindo Unit III, India",True,98,1770.43,1mg/ml,2.1
896,9179,102-BW-T01,Pre-PQ Process,SCMS-46110,ASN-4184,Botswana,PMO - US,Direct Drop,EXW,Air,Pre-PQ Process,5/18/2009,19-Jun-09,19-Jun-09,19-Jun-09,HRDT,HIV test,"Trinity Biotech, Plc","HIV 1/2, Uni-Gold HIV Kit, 20 Tests","HIV 1/2, Uni-Gold HIV Kit",Uni-Gold,Test kit,20,75,2400.0,32.0,1.6,"Trinity Biotech, Plc",True,25,808,,4.7
897,9187,108-VN-T01,Pre-PQ Process,SCMS-46540,ASN-4487,Vietnam,PMO - US,Direct Drop,CIP,Air,Pre-PQ Process,5/27/2009,23-Jul-09,23-Jul-09,23-Jul-09,ARV,Pediatric,BRISTOL-MYERS SQUIBB,"Didanosine 25mg [Videx], chewable tablets, 60 Tabs",Didanosine,Videx,Chewable/dispersible tablet,60,80,560.0,7.0,0.12,"BMS Meymac, France",False,Weight Captured Separately,Freight Included in Commodity Cost,25mg,1.1
898,9200,116-ZA-T01,Pre-PQ Process,SCMS-47050,ASN-4819,South Africa,PMO - US,Direct Drop,DDP,Truck,Pre-PQ Process,6/5/2009,12-Oct-09,21-Jul-09,21-Jul-09,ARV,Adult,S. BUYS WHOLESALER,"Efavirenz 600mg, tablets, 30 Tabs",Efavirenz,Generic,Tablet,30,1000,17020.0,17.02,0.57,"Cipla, Goa, India",False,Weight Captured Separately,Freight Included in Commodity Cost,600mg,33.36
899,9201,116-ZA-T01,Pre-PQ Process,SCMS-47050,ASN-4819,South Africa,PMO - US,Direct Drop,DDP,Truck,Pre-PQ Process,6/5/2009,12-Oct-09,21-Jul-09,21-Jul-09,ARV,Adult,S. BUYS WHOLESALER,"Emtricitabine/Tenofovir Disoproxil Fumarate 200/300mg [Truvada], tablets, 30 Tabs",Emtricitabine/Tenofovir Disoproxil Fumarate,Truvada,Tablet - FDC,30,260,10670.4,41.04,1.37,"Aspen-OSD, Port Elizabeth, SA",False,Weight Captured Separately,Freight Included in Commodity Cost,300/200mg,20.91
900,9202,116-ZA-T01,Pre-PQ Process,SCMS-47052,ASN-5370,South Africa,PMO - US,Direct Drop,DDP,Truck,Pre-PQ Process,6/5/2009,12-Oct-09,8-Oct-09,8-Oct-09,ARV,Pediatric,S. BUYS WHOLESALER,"Stavudine 1mg/ml, powder for oral solution, 200 ml",Stavudine,Generic,Oral solution,200,1200,2796.0,2.33,0.01,"Aurobindo Unit III, India",True,Weight Captured Separately,Freight Included in Commodity Cost,1mg/ml,6.03
901,9225,123-NG-T01,Pre-PQ Process,SCMS-48440,ASN-4596,Nigeria,PMO - US,Direct Drop,FCA,Air,Pre-PQ Process,7/13/2009,3-Sep-09,3-Sep-09,3-Sep-09,ARV,Adult,ABBVIE LOGISTICS (FORMERLY ABBOTT LOGISTICS BV),"Lopinavir/Ritonavir 200/50mg [Aluvia], tablets, 120 Tabs",Lopinavir/Ritonavir,Aluvia,Tablet,120,5000,205500.0,41.1,0.34,ABBVIE Ludwigshafen Germany,True,1246,10490.77,200/50mg,402.78
902,9243,104-CI-T01,Pre-PQ Process,SCMS-29,ASN-114,Côte d'Ivoire,PMO - US,Direct Drop,EXW,Air,Pre-PQ Process,Date Not Captured,10-Oct-06,10-Oct-06,10-Oct-06,HRDT,HIV test,BIO-RAD LABORATORIES (FRANCE),"#108853** HIV, Genie II HIV-1/HIV-2 Kit, 40 Tests","HIV, Genie II HIV-1/HIV-2 Kit",Genie,Test kit,40,733,55231.55,75.35,1.88,Bio-Rad Laboratories,True,783,7079.25,,
903,9252,110-ZM-T01,Pre-PQ Process,SCMS-61,ASN-43,Zambia,PMO - US,Direct Drop,EXW,Air,Pre-PQ Process,Date Not Captured,30-Sep-06,30-Sep-06,30-Sep-06,HRDT,HIV test,Abbott GmbH & Co. KG,"HIV 1/2, Determine Complete HIV Kit, 100 Tests","HIV 1/2, Determine Complete HIV Kit",Determine,Test kit,100,1250,100000.0,80.0,0.8,ABBVIE GmbH & Co.KG Wiesbaden,True,428,2829.61,,
904,9253,106-HT-T01,Pre-PQ Process,SCMS-63,ASN-83,Haiti,PMO - US,Direct Drop,EXW,Air,Pre-PQ Process,Date Not Captured,18-Oct-06,18-Oct-06,18-Oct-06,HRDT,HIV test,Abbott GmbH & Co. KG,"HIV 1/2, Determine Complete HIV Kit, 100 Tests","HIV 1/2, Determine Complete HIV Kit",Determine,Test kit,100,500,40000.0,80.0,0.8,ABBVIE GmbH & Co.KG Wiesbaden,True,169,1215.84,,
905,9255,108-VN-T01,Pre-PQ Process,SCMS-77,ASN-56,Vietnam,PMO - US,Direct Drop,EXW,Air,Pre-PQ Process,Date Not Captured,3-Oct-06,3-Oct-06,3-Oct-06,ARV,Adult,Aurobindo Pharma Limited,"Abacavir 300mg, tablets, 60 Tabs",Abacavir,Generic,Tablet,60,1000,44500.0,44.5,0.74,"Aurobindo Unit III, India",True,91,7878.06,300mg,
906,9279,114-UG-T01,Pre-PQ Process,SCMS-157,ASN-127,Uganda,PMO - US,Direct Drop,EXW,Air,Pre-PQ Process,Date Not Captured,21-Dec-06,21-Dec-06,21-Dec-06,ARV,Adult,Aurobindo Pharma Limited,"Efavirenz 600mg, tablets, 30 Tabs",Efavirenz,Generic,Tablet,30,5080,85090.0,16.75,0.56,"Aurobindo Unit III, India",False,See ASN-127 (ID#:3955),See ASN-127 (ID#:3955),600mg,
907,9280,110-ZM-T01,Pre-PQ Process,SCMS-163,ASN-123,Zambia,PMO - US,Direct Drop,EXW,Air,Pre-PQ Process,Date Not Captured,20-Dec-06,20-Dec-06,20-Dec-06,ARV,Adult,Aurobindo Pharma Limited,"Lamivudine/Zidovudine 150/300mg, tablets, 60 Tabs",Lamivudine/Zidovudine,Generic,Tablet - FDC,60,38534,423874.0,11.0,0.18,"Aurobindo Unit III, India",False,See ASN-123 (ID#:2685),See ASN-123 (ID#:2685),150/300mg,
908,9316,102-NG-T01,Pre-PQ Process,SCMS-694,ASN-582,Nigeria,PMO - US,Direct Drop,EXW,Air,Pre-PQ Process,6/6/2007,6-Aug-07,6-Aug-07,6-Aug-07,HRDT,HIV test,Abbott GmbH & Co. KG,"HIV 1/2, Determine Complete HIV Kit, 100 Tests","HIV 1/2, Determine Complete HIV Kit",Determine,Test kit,100,3500,280000.0,80.0,0.8,ABBVIE GmbH & Co.KG Wiesbaden,True,1192,10879.22,,448.0
909,9321,104-CI-T01,Pre-PQ Process,SCMS-698,ASN-727,Côte d'Ivoire,PMO - US,Direct Drop,CIP,Air,Pre-PQ Process,7/13/2007,2-Oct-07,2-Oct-07,2-Oct-07,ARV,Adult,BRISTOL-MYERS SQUIBB,"Stavudine 20mg [Zerit], capsules, 60 Caps",Stavudine,Zerit,Capsule,60,1389,7833.96,5.64,0.09,"BMS Meymac, France",False,Weight Captured Separately,Freight Included in Commodity Cost,20mg,12.53
910,9331,108-VN-T01,Pre-PQ Process,SCMS-749,ASN-737,Vietnam,PMO - US,Direct Drop,EXW,Air,Pre-PQ Process,7/3/2007,2-Oct-07,2-Oct-07,2-Oct-07,ARV,Adult,Aurobindo Pharma Limited,"Lamivudine/Nevirapine/Zidovudine 150/200/300mg, tablets, 60 Tabs",Lamivudine/Nevirapine/Zidovudine,Generic,Tablet - FDC,60,7000,94500.0,13.5,0.22,"Aurobindo Unit III, India",False,See ASN-737 (ID#:2765),See ASN-737 (ID#:2765),150/300/200mg,151.2
911,9351,109-TZ-T01,Pre-PQ Process,SCMS-10280,ASN-787,Tanzania,PMO - US,Direct Drop,EXW,Air,Pre-PQ Process,Date Not Captured,22-Nov-07,22-Nov-07,22-Nov-07,HRDT,HIV test,"Standard Diagnostics, Inc.","HIV 1/2, Bioline 3.0 Kit, Lancets, Capillary pipets, Alcohol swabs included, 25 Tests","HIV 1/2, Bioline 3.0 Kit, Lancets, Capillary pipets, Alcohol swabs included",Bioline,Test kit,25,10000,200000.0,20.0,0.8,"Standard Diagnostics, Korea",True,3345,29470,,320.0
912,9352,109-TZ-T01,Pre-PQ Process,SCMS-10350,ASN-1933,Tanzania,PMO - US,Direct Drop,EXW,Air,Pre-PQ Process,10/23/2007,22-Jul-08,22-Jul-08,22-Jul-08,HRDT,HIV test,"Standard Diagnostics, Inc.","HIV 1/2, Bioline 3.0 Kit, Lancets, Capillary pipets, Alcohol swabs included, 25 Tests","HIV 1/2, Bioline 3.0 Kit, Lancets, Capillary pipets, Alcohol swabs included",Bioline,Test kit,25,10000,200000.0,20.0,0.8,"Standard Diagnostics, Korea",True,3110,22663.18,,320.0
913,9353,102-BW-T01,Pre-PQ Process,SCMS-10390,ASN-644,Botswana,PMO - US,Direct Drop,EXW,Air,Pre-PQ Process,7/31/2007,31-Aug-07,31-Aug-07,31-Aug-07,HRDT,HIV test,Orasure Technologies Inc.,"HIV 1/2, OraQuick Advance HIV Rapid Antibody Kit, 100 Tests","HIV 1/2, OraQuick Advance HIV Rapid Antibody Kit",OraQuick,Test kit,100,10,3500.0,350.0,3.5,"Pacific Biotech, Thailand",True,24,1091.64,,5.6
914,9366,108-VN-T01,Pre-PQ Process,SCMS-10980,ASN-1016,Vietnam,PMO - US,Direct Drop,EXW,Air,Pre-PQ Process,7/4/2007,6-Dec-07,6-Dec-07,6-Dec-07,ARV,Pediatric,Aurobindo Pharma Limited,"Didanosine 100mg, chewable/dispersible tablets, 60 Tabs",Didanosine,Generic,Chewable/dispersible tablet,60,1300,10075.0,7.75,0.13,"Aurobindo Unit III, India",True,270,3850.43,100mg,16.12
915,9389,102-GY-T01,Pre-PQ Process,SCMS-11660,ASN-766,Guyana,PMO - US,Direct Drop,EXW,Air,Pre-PQ Process,8/28/2007,5-Oct-07,5-Oct-07,5-Oct-07,HRDT,HIV test,"CHEMBIO DIAGNOSTIC SYSTEMS, INC.","HIV 1/2, Stat-Pak HIV, Kit, 20 Tests","HIV 1/2, Stat-Pak HIV, Kit",Stat-Pak,Test kit,20,120,3240.0,27.0,1.35,Chembio Diagnostics Sys. Inc.,True,35,379.62,,5.18
916,9390,113-ZW-T01,Pre-PQ Process,SCMS-11680,ASN-746,Zimbabwe,PMO - US,Direct Drop,EXW,Air,Pre-PQ Process,8/28/2007,9-Oct-07,9-Oct-07,9-Oct-07,HRDT,HIV test,Orasure Technologies Inc.,"HIV 1/2, OraQuick Advance HIV Rapid Antibody Kit, 100 Tests","HIV 1/2, OraQuick Advance HIV Rapid Antibody Kit",OraQuick,Test kit,100,10,3500.0,350.0,3.5,"Pacific Biotech, Thailand",True,24,536.08,,5.6
917,9422,107-RW-T01,Pre-PQ Process,SCMS-13010,ASN-904,Rwanda,PMO - US,Direct Drop,EXW,Air,Pre-PQ Process,10/18/2007,16-Nov-07,16-Nov-07,16-Nov-07,HRDT,HIV test,Premier Medical Corporation Ltd.,"HIV 1/2/O, First Response HIV 1-2.0, v.3.0 Cards Kit, 30 Tests","HIV 1/2/O, First Response HIV 1-2.0, v.3.0 Cards Kit",First Response,Test kit,30,3991,65851.5,16.5,0.55,Premier Med. Corp Ltd. India,True,1150,9898.8,,105.36
918,9487,107-RW-T01,Pre-PQ Process,SCMS-14150,ASN-1085,Rwanda,PMO - US,Direct Drop,EXW,Air,Pre-PQ Process,11/19/2007,18-Jan-08,18-Jan-08,18-Jan-08,HRDT,HIV test,"Trinity Biotech, Plc","HIV 1/2, Capillus HIV Kit, 100 Tests","HIV 1/2, Capillus HIV Kit",Capillus,Test kit,100,463,64357.0,139.0,1.39,"Trinity Biotech, Plc",True,450,4360.83,,102.97
919,9488,107-RW-T01,Pre-PQ Process,SCMS-14150,ASN-1085,Rwanda,PMO - US,Direct Drop,EXW,Air,Pre-PQ Process,11/19/2007,18-Jan-08,18-Jan-08,18-Jan-08,HRDT,HIV test,"Trinity Biotech, Plc","HIV 1/2, Capillus HIV Kit, 100 Tests","HIV 1/2, Capillus HIV Kit",Capillus,Test kit,100,300,41700.0,139.0,1.39,"Trinity Biotech, Plc",False,See ASN-1085 (ID#:9487),See ASN-1085 (ID#:9487),,66.72
920,9489,108-VN-T01,Pre-PQ Process,SCMS-14201,ASN-1172,Vietnam,PMO - US,Direct Drop,EXW,Air,Pre-PQ Process,11/21/2007,22-Jan-08,25-Jan-08,25-Jan-08,ARV,Adult,SUN PHARMACEUTICAL INDUSTRIES LTD (RANBAXY LABORATORIES LIMITED),"Zidovudine 300mg, tablets, 60 Tabs",Zidovudine,Generic,Tablet,60,600,5028.0,8.38,0.14,"Ranbaxy, Paonta Shahib, India",True,34,2127.22,300mg,8.04
921,9499,107-RW-T01,Pre-PQ Process,SCMS-14730,ASN-1067,Rwanda,PMO - US,Direct Drop,CIP,Air,Pre-PQ Process,12/3/2007,3-Jan-08,3-Jan-08,3-Jan-08,ARV,Adult,Aurobindo Pharma Limited,"Efavirenz 600mg, tablets, 30 Tabs",Efavirenz,Generic,Tablet,30,48259,567043.25,11.75,0.39,"Aurobindo Unit III, India",True,4143,19088.86,600mg,907.27
922,9530,100-HT-T01,Pre-PQ Process,SCMS-15490,ASN-4374,Haiti,PMO - US,Direct Drop,EXW,Air,Pre-PQ Process,1/8/2008,6-Jul-09,6-Jul-09,6-Jul-09,HRDT,HIV test,"Trinity Biotech, Plc","HIV 1/2, Capillus HIV Kit, 100 Tests","HIV 1/2, Capillus HIV Kit",Capillus,Test kit,100,3,417.0,139.0,1.39,"Trinity Biotech, Plc",True,2,1800.33,,0.82
923,9531,106-HT-T01,Pre-PQ Process,SCMS-15520,ASN-1199,Haiti,PMO - US,Direct Drop,EXW,Air,Pre-PQ Process,Date Not Captured,23-Jan-08,23-Jan-08,23-Jan-08,HRDT,HIV test,"Orgenics, Ltd","HIV 1/2, Determine HIV Kit, without Lancets, 100 Tests","HIV 1/2, Determine HIV Kit, without Lancets",Determine,Test kit,100,1000,70000.0,70.0,0.7,Inverness Japan,True,228,4829.61,,112.0
924,9536,100-HT-T01,Pre-PQ Process,SCMS-15870,ASN-1319,Haiti,PMO - US,Direct Drop,EXW,Air,Pre-PQ Process,1/3/2008,18-Feb-08,18-Feb-08,18-Feb-08,HRDT,HIV test,"Trinity Biotech, Plc","HIV 1/2, Capillus HIV Kit, 100 Tests","HIV 1/2, Capillus HIV Kit",Capillus,Test kit,100,2,278.0,139.0,1.39,"Trinity Biotech, Plc",True,Weight Captured Separately,Invoiced Separately,,0.44
925,9550,117-ET-T01,Pre-PQ Process,SCMS-16220,ASN-1329,Ethiopia,PMO - US,Direct Drop,EXW,Air,Pre-PQ Process,1/3/2008,4-Mar-08,4-Mar-08,4-Mar-08,ARV,Adult,ASPEN PHARMACARE,"Tenofovir Disoproxil Fumarate 300mg [Viread], tablets, 30 Tabs",Tenofovir Disoproxil Fumarate,Viread,Tablet,30,780,7.8,0.01,0.0,"Aspen-OSD, Port Elizabeth, SA",False,See ASN-1329 (ID#:6896),See ASN-1329 (ID#:6896),300mg,0.01
926,9564,116-ZA-T01,Pre-PQ Process,SCMS-16600,ASN-2292,South Africa,PMO - US,Direct Drop,DDP,,Pre-PQ Process,1/4/2008,21-Jan-08,25-Apr-08,25-Apr-08,ARV,Pediatric,"JSI R&T INSTITUTE, INC.","Didanosine 2g [Videx], powder for oral solution 10mg/ml, reconstitute to 200 ml",Didanosine,Videx,Powder for oral solution,200,4,57.92,14.48,0.07,"BMS Meymac, France",True,Weight Captured Separately,Freight Included in Commodity Cost,2g,0.09
927,9565,116-ZA-T01,Pre-PQ Process,SCMS-16600,ASN-1526,South Africa,PMO - US,Direct Drop,DDP,,Pre-PQ Process,1/4/2008,21-Jan-08,21-Jan-08,21-Jan-08,ARV,Adult,"JSI R&T INSTITUTE, INC.","Stavudine 30mg [Zerit], capsules, 60 Caps",Stavudine,Zerit,Capsule,60,2500,14325.0,5.73,0.1,"BMS Meymac, France",True,Weight Captured Separately,Freight Included in Commodity Cost,30mg,22.92
928,9566,116-ZA-T01,Pre-PQ Process,SCMS-16600,ASN-1520,South Africa,PMO - US,Direct Drop,DDP,,Pre-PQ Process,1/4/2008,21-Jan-08,4-Jan-08,4-Jan-08,ARV,Pediatric,"JSI R&T INSTITUTE, INC.","Efavirenz 200mg [Stocrin/Sustiva], capsule, 90 Caps",Efavirenz,Stocrin/Sustiva,Capsule,90,100,3297.0,32.97,0.37,"MSD Midrand, J'burg, SA",False,Weight Captured Separately,Freight Included in Commodity Cost,200mg,5.28
929,9567,116-ZA-T01,Pre-PQ Process,SCMS-16600,ASN-1520,South Africa,PMO - US,Direct Drop,DDP,,Pre-PQ Process,1/4/2008,21-Jan-08,4-Jan-08,4-Jan-08,ARV,Adult,"JSI R&T INSTITUTE, INC.","Tenofovir Disoproxil Fumarate 300mg [Viread], tablets, 30 Tabs",Tenofovir Disoproxil Fumarate,Viread,Tablet,30,150,3838.5,25.59,0.85,"Aspen-OSD, Port Elizabeth, SA",False,Weight Captured Separately,Freight Included in Commodity Cost,300mg,6.14
930,9578,106-HT-T01,Pre-PQ Process,SCMS-16700,ASN-1327,Haiti,PMO - US,Direct Drop,EXW,Air,Pre-PQ Process,2/4/2008,18-Feb-08,18-Feb-08,18-Feb-08,HRDT,HIV test,"Trinity Biotech, Plc","HIV 1/2, Capillus HIV Kit, 100 Tests","HIV 1/2, Capillus HIV Kit",Capillus,Test kit,100,250,34750.0,139.0,1.39,"Trinity Biotech, Plc",True,Weight Captured Separately,Invoiced Separately,,55.6
931,9579,102-NG-T01,Pre-PQ Process,SCMS-16880,ASN-1592,Nigeria,PMO - US,Direct Drop,EXW,Air,Pre-PQ Process,1/7/2008,21-Apr-08,21-Apr-08,21-Apr-08,HRDT,HIV test,"CHEMBIO DIAGNOSTIC SYSTEMS, INC.","HIV 1/2, Stat-Pak HIV, Kit, 20 Tests","HIV 1/2, Stat-Pak HIV, Kit",Stat-Pak,Test kit,20,7719,208413.0,27.0,1.35,Chembio Diagnostics Sys. Inc.,True,2502,15636.7,,333.46
932,9585,111-MZ-T01,Pre-PQ Process,SCMS-17260,ASN-2532,Mozambique,PMO - US,Direct Drop,EXW,Air,Pre-PQ Process,2/6/2008,17-Oct-08,17-Oct-08,17-Oct-08,HRDT,HIV test,"Trinity Biotech, Plc","HIV 1/2, Uni-Gold HIV Kit, 20 Tests","HIV 1/2, Uni-Gold HIV Kit",Uni-Gold,Test kit,20,5300,169600.0,32.0,1.6,"Trinity Biotech, Plc",True,1796,32437.45,,271.36
933,9603,116-ZA-T01,Pre-PQ Process,SCMS-17630,ASN-1532,South Africa,PMO - US,Direct Drop,DDP,Truck,Pre-PQ Process,1/21/2008,5-Feb-08,21-Jan-08,21-Jan-08,ARV,Adult,"JSI R&T INSTITUTE, INC.","Stavudine 30mg [Zerit], capsules, 60 Caps",Stavudine,Zerit,Capsule,60,600,3426.0,5.71,0.1,"BMS Meymac, France",False,Weight Captured Separately,Freight Included in Commodity Cost,30mg,5.48
934,9628,102-GY-T01,Pre-PQ Process,SCMS-18480,ASN-1503,Guyana,PMO - US,Direct Drop,EXW,Air,Pre-PQ Process,2/28/2008,9-Apr-08,9-Apr-08,9-Apr-08,HRDT,HIV test,"Orgenics, Ltd","HIV 1/2, Determine HIV Kit, without Lancets, 100 Tests","HIV 1/2, Determine HIV Kit, without Lancets",Determine,Test kit,100,240,17277.6,71.99,0.72,Inverness Japan,True,55,1442.92,,27.64
935,10809,107-RW-T01,Pre-PQ Process,SO-249,DN-6,Rwanda,PMO - US,From RDC,N/A - From RDC,Air,Pre-PQ Process,N/A - From RDC,1-Feb-07,1-Feb-07,1-Feb-07,ARV,Adult,SCMS from RDC,"Abacavir 300mg, tablets, 60 Tabs",Abacavir,Generic,Tablet,60,600,21480.0,35.8,0.6,"Aurobindo Unit III, India",True,55,913.15,300mg,
936,9629,117-ET-T01,Pre-PQ Process,SCMS-18520,ASN-1591,Ethiopia,PMO - US,Direct Drop,EXW,Air,Pre-PQ Process,2/29/2008,17-Apr-08,17-Apr-08,17-Apr-08,HRDT,HIV test,"SHANGHAI KEHUA BIOENGINEERING CO.,LTD.  (KHB)","HIV 1/2, SKB Colloidal Gold, Diagnostic Kit, Antibody, 50 Tests","HIV 1/2, Colloidal Gold, Diagnostic Kit, Antibody",Colloidal Gold,Test kit,1,1044,24012.0,23.0,23.0,"KHB Test Kit Facility, Shanghai China",True,754,6267.38,,38.42
937,9639,106-HT-T01,Pre-PQ Process,SCMS-18720,ASN-1610,Haiti,PMO - US,Direct Drop,EXW,Air,Pre-PQ Process,3/11/2008,9-May-08,9-May-08,9-May-08,HRDT,HIV test,"Orgenics, Ltd","HIV 1/2, Determine HIV Kit, without Lancets, 100 Tests","HIV 1/2, Determine HIV Kit, without Lancets",Determine,Test kit,100,955,63985.0,67.0,0.67,Inverness Japan,True,164,1802.14,,102.38
938,9640,102-GY-T01,Pre-PQ Process,SCMS-18800,ASN-1613,Guyana,PMO - US,Direct Drop,EXW,Air,Pre-PQ Process,3/13/2008,6-May-08,6-May-08,6-May-08,HRDT,HIV test,"Trinity Biotech, Plc","HIV 1/2, Uni-Gold HIV Kit, 20 Tests","HIV 1/2, Uni-Gold HIV Kit",Uni-Gold,Test kit,20,748,23936.0,32.0,1.6,"Trinity Biotech, Plc",True,748,3740.04,,38.3
939,9655,116-ZA-T01,Pre-PQ Process,SCMS-19800,ASN-1665,South Africa,PMO - US,Direct Drop,DDP,Truck,Pre-PQ Process,2/20/2008,24-Apr-08,24-Apr-08,24-Apr-08,ARV,Pediatric,S. BUYS WHOLESALER,"Efavirenz 200mg [Stocrin/Sustiva], capsule, 90 Caps",Efavirenz,Stocrin/Sustiva,Capsule,90,80,2252.0,28.15,0.31,"MSD Midrand, J'burg, SA",False,Weight Captured Separately,Freight Included in Commodity Cost,200mg,3.6
940,9656,116-ZA-T01,Pre-PQ Process,SCMS-19800,ASN-1665,South Africa,PMO - US,Direct Drop,DDP,Truck,Pre-PQ Process,2/20/2008,24-Apr-08,24-Apr-08,24-Apr-08,ARV,Adult,S. BUYS WHOLESALER,"Ritonavir 100mg [Norvir], capsules, cool, 84 Caps",Ritonavir,Norvir,Capsule,84,10,91.9,9.19,0.11,ABBVIE (Abbott) Logis. UK,False,Weight Captured Separately,Freight Included in Commodity Cost,100mg,0.15
941,9657,116-ZA-T01,Pre-PQ Process,SCMS-19800,ASN-1665,South Africa,PMO - US,Direct Drop,DDP,Truck,Pre-PQ Process,2/20/2008,24-Apr-08,24-Apr-08,24-Apr-08,ARV,Adult,S. BUYS WHOLESALER,"Stavudine 30mg [Zerit], capsules, 60 Caps",Stavudine,Zerit,Capsule,60,1000,4890.0,4.89,0.08,"BMS Meymac, France",False,Weight Captured Separately,Freight Included in Commodity Cost,30mg,7.82
942,9658,116-ZA-T01,Pre-PQ Process,SCMS-19800,ASN-1665,South Africa,PMO - US,Direct Drop,DDP,Truck,Pre-PQ Process,2/20/2008,24-Apr-08,24-Apr-08,24-Apr-08,ARV,Pediatric,S. BUYS WHOLESALER,"Efavirenz 50mg [Stocrin/Sustiva], capsule, 30 Caps",Efavirenz,Stocrin/Sustiva,Capsule,30,200,596.0,2.98,0.1,"MSD Midrand, J'burg, SA",False,Weight Captured Separately,Freight Included in Commodity Cost,50mg,0.95
943,9669,108-VN-T01,Pre-PQ Process,SCMS-20200,ASN-2017,Vietnam,PMO - US,Direct Drop,EXW,Air,Pre-PQ Process,3/31/2008,14-Jul-08,14-Jul-08,14-Jul-08,ARV,Pediatric,Aurobindo Pharma Limited,"Didanosine 100mg, chewable/dispersible tablets, 60 Tabs",Didanosine,Generic,Chewable/dispersible tablet,60,360,2790.0,7.75,0.13,"Aurobindo Unit III, India",False,See ASN-2017 (ID#:5701),See ASN-2017 (ID#:5701),100mg,4.46
944,9673,108-VN-T01,Pre-PQ Process,SCMS-20520,ASN-1794,Vietnam,PMO - US,Direct Drop,EXW,Air,Pre-PQ Process,3/31/2008,2-Jun-08,2-Jun-08,2-Jun-08,ARV,Pediatric,Aurobindo Pharma Limited,"Zidovudine 100mg, capsules, 100 Caps",Zidovudine,Generic,Capsule,100,1400,7686.0,5.49,0.05,"Aurobindo Unit III, India",True,106,2869.03,100mg,12.3
945,9675,108-VN-T01,Pre-PQ Process,SCMS-20540,ASN-2044,Vietnam,PMO - US,Direct Drop,EXW,Air,Pre-PQ Process,3/31/2008,18-Jul-08,18-Jul-08,18-Jul-08,ARV,Adult,MYLAN LABORATORIES LTD (FORMERLY MATRIX LABORATORIES),"Efavirenz 600mg, tablets, 30 Tabs",Efavirenz,Generic,Tablet,30,10080,115718.4,11.48,0.38,Mylan (formerly Matrix) Nashik,True,772,5893.08,600mg,185.15
946,9676,108-VN-T01,Pre-PQ Process,SCMS-20541,ASN-1793,Vietnam,PMO - US,Direct Drop,EXW,Air,Pre-PQ Process,4/10/2008,18-Jul-08,2-Jun-08,2-Jun-08,ARV,Adult,MYLAN LABORATORIES LTD (FORMERLY MATRIX LABORATORIES),"Tenofovir Disoproxil Fumarate 300mg, tablets, 30 Tabs",Tenofovir Disoproxil Fumarate,Generic,Tablet,30,2016,27538.56,13.66,0.46,Mylan (formerly Matrix) Nashik,True,122,2867.81,300mg,44.06
947,9694,116-ZA-T01,Pre-PQ Process,SCMS-21460,ASN-1667,South Africa,PMO - US,Direct Drop,DDP,,Pre-PQ Process,4/4/2008,25-Apr-08,7-Apr-08,7-Apr-08,ARV,Adult,S. BUYS WHOLESALER,"Didanosine EC 400mg [Videx EC], delayed-release capsules, Blister 3 x 10 Caps",Didanosine EC,Videx EC,Delayed-release capsules - blister,30,100,2386.0,23.86,0.8,"BMS Meymac, France",False,Weight Captured Separately,Freight Included in Commodity Cost,400mg,3.82
948,9749,108-VN-T01,Pre-PQ Process,SCMS-23360,ASN-2490,Vietnam,PMO - US,Direct Drop,FCA,Air,Pre-PQ Process,5/15/2008,16-Nov-08,16-Nov-08,16-Nov-08,ARV,Adult,ABBVIE LOGISTICS (FORMERLY ABBOTT LOGISTICS BV),"Lopinavir/Ritonavir 200/50mg [Aluvia], tablets, 120 Tabs",Lopinavir/Ritonavir,Aluvia,Tablet,120,1480,121656.0,82.2,0.68,ABBVIE Ludwigshafen Germany,True,370,2652.33,200/50mg,194.65
949,9750,108-VN-T01,Pre-PQ Process,SCMS-23440,ASN-2335,Vietnam,PMO - US,Direct Drop,EXW,Air,Pre-PQ Process,5/13/2008,20-Sep-08,20-Sep-08,20-Sep-08,ARV,Adult,MYLAN LABORATORIES LTD (FORMERLY MATRIX LABORATORIES),"Efavirenz 600mg, tablets, 30 Tabs",Efavirenz,Generic,Tablet,30,5040,51609.6,10.24,0.34,Mylan (formerly Matrix) Nashik,False,See ASN-2335 (ID#:5796),See ASN-2335 (ID#:5796),600mg,82.58
950,9751,116-ZA-T01,Pre-PQ Process,SCMS-23500,ASN-2293,South Africa,PMO - US,Direct Drop,DDP,Truck,Pre-PQ Process,Date Not Captured,20-Aug-08,8-May-08,8-May-08,ARV,Pediatric,S. BUYS WHOLESALER,"Efavirenz 200mg [Stocrin/Sustiva], capsule, 90 Caps",Efavirenz,Stocrin/Sustiva,Capsule,90,80,2572.0,32.15,0.36,"MSD Midrand, J'burg, SA",False,Weight Captured Separately,Freight Included in Commodity Cost,200mg,4.12
951,9752,116-ZA-T01,Pre-PQ Process,SCMS-23500,ASN-2300,South Africa,PMO - US,Direct Drop,DDP,Truck,Pre-PQ Process,Date Not Captured,20-Aug-08,14-May-08,14-May-08,ARV,Adult,S. BUYS WHOLESALER,"Emtricitabine/Tenofovir Disoproxil Fumarate 200/300mg [Truvada], tablets, 30 Tabs",Emtricitabine/Tenofovir Disoproxil Fumarate,Truvada,Tablet - FDC,30,20,765.0,38.25,1.27,Gilead(Nycomed) Oranienburg DE,False,Weight Captured Separately,Freight Included in Commodity Cost,300/200mg,1.22
952,9753,116-ZA-T01,Pre-PQ Process,SCMS-23500,ASN-2300,South Africa,PMO - US,Direct Drop,DDP,Truck,Pre-PQ Process,Date Not Captured,20-Aug-08,14-May-08,14-May-08,ARV,Adult,S. BUYS WHOLESALER,"Saquinavir 200mg [Invirase], capsules, 270 Caps",Saquinavir,Invirase,Capsule,270,4,285.52,71.38,0.26,Roche Basel,False,Weight Captured Separately,Freight Included in Commodity Cost,200mg,0.46
953,9804,117-ET-T01,Pre-PQ Process,SCMS-24890,ASN-2218,Ethiopia,PMO - US,Direct Drop,EXW,Air,Pre-PQ Process,6/10/2008,13-Aug-08,13-Aug-08,13-Aug-08,ANTM,Malaria,MISSIONPHARMA A/S,"Primaquine 15mg base (as diphosphate), tablets, 1000 Tabs",Primaquine base (as diphosphate),Generic,Tablet,1000,32,1434.88,44.84,0.04,"Weifa A.S., Hausmanngt. 6, P.O. Box 9113 GrÃ¸nland, 0133, Oslo, Norway",True,7,399.18,15mg,2.3
954,9815,113-ZW-T01,Pre-PQ Process,SCMS-25300,ASN-2997,Zimbabwe,PMO - US,Direct Drop,EXW,Air,Pre-PQ Process,6/12/2008,22-Jan-09,22-Jan-09,22-Jan-09,HRDT,HIV test - Ancillary,"Orgenics, Ltd","HIV, Lancet, Safety, for HIV Test kits, 100 Pcs","HIV, Lancet, Safety, for HIV Test kits, 100 Pcs",Generic,Test kit - Ancillary,100,1396,13.96,0.01,0.0,Inverness Japan,False,See ASN-2997 (ID#:5860),See ASN-2997 (ID#:5860),,0.03
955,9836,107-RW-T01,Pre-PQ Process,SCMS-25910,ASN-2390,Rwanda,PMO - US,Direct Drop,CIP,Air,Pre-PQ Process,8/6/2008,23-Sep-08,23-Sep-08,23-Sep-08,ARV,Adult,HETERO LABS LIMITED,"Efavirenz 600mg, tablets, 30 Tabs",Efavirenz,Generic,Tablet,30,83400,931578.0,11.17,0.37,Hetero Unit III Hyderabad IN,True,6701,87692.85,600mg,1490.52
956,9841,112-NG-T01,Pre-PQ Process,SCMS-26290,ASN-2106,Nigeria,PMO - US,Direct Drop,EXW,Air,Pre-PQ Process,6/30/2008,5-Aug-08,5-Aug-08,5-Aug-08,ACT,ACT,IDA FOUNDATION,"Artemether/Lumefantrine 20/120mg [Coartem], scored tablets, Blister 30 x 18 Tabs",Artemether/Lumefantrine,Coartem,Tablet - FDC + blister,540,34,1547.68,45.52,0.08,"Novartis Pharma AG, Switzerland",True,159,1976.57,20/120mg,2.48
957,9842,112-NG-T01,Pre-PQ Process,SCMS-26290,ASN-2106,Nigeria,PMO - US,Direct Drop,EXW,Air,Pre-PQ Process,6/30/2008,5-Aug-08,5-Aug-08,5-Aug-08,ACT,ACT,IDA FOUNDATION,"Artemether/Lumefantrine 20/120mg [Coartem], scored tablets, Blister 30 x 18 Tabs",Artemether/Lumefantrine,Coartem,Tablet - FDC + blister,540,34,1547.68,45.52,0.08,"Novartis Pharma AG, Switzerland",False,See ASN-2106 (ID#:9841),See ASN-2106 (ID#:9841),20/120mg,2.48
958,9860,116-ZA-T01,Pre-PQ Process,SCMS-26820,ASN-2487,South Africa,PMO - US,Direct Drop,DDP,Truck,Pre-PQ Process,Date Not Captured,10-Jul-08,14-Jul-08,14-Jul-08,ARV,Adult,S. BUYS WHOLESALER,"Lamivudine 150mg [Epivir], tablets, 60 Tabs",Lamivudine,Epivir,Tablet,60,1000,5310.0,5.31,0.09,GSK Cape Town Factory (South Africa),False,Weight Captured Separately,Freight Included in Commodity Cost,150mg,8.5
959,10155,102-GY-T01,Pre-PQ Process,SCMS-35540,ASN-3208,Guyana,PMO - US,Direct Drop,EXW,Air,Pre-PQ Process,12/11/2008,30-Jan-09,30-Jan-09,30-Jan-09,HRDT,HIV test,"Trinity Biotech, Plc","HIV 1/2, Uni-Gold HIV Kit, 20 Tests","HIV 1/2, Uni-Gold HIV Kit",Uni-Gold,Test kit,20,2086,66752.0,32.0,1.6,"Trinity Biotech, Plc",True,707,5926.53,,130.83
960,9866,133-NG-T01,Pre-PQ Process,SCMS-27060,ASN-2438,Nigeria,PMO - US,Direct Drop,EXW,Air,Pre-PQ Process,7/18/2008,15-Oct-08,15-Oct-08,15-Oct-08,HRDT,HIV test,"Orgenics, Ltd","HIV 1/2, Determine HIV Kit, without Lancets, 100 Tests","HIV 1/2, Determine HIV Kit, without Lancets",Determine,Test kit,100,6502,520094.98,79.99,0.8,Inverness Japan,False,See ASN-2438 (ID#:1941),See ASN-2438 (ID#:1941),,832.15
961,9874,108-VN-T01,Pre-PQ Process,SCMS-27330,ASN-2861,Vietnam,PMO - US,Direct Drop,CIP,Air,Pre-PQ Process,7/23/2008,13-Nov-08,13-Nov-08,13-Nov-08,ARV,Pediatric,BRISTOL-MYERS SQUIBB,"Didanosine 25mg [Videx], chewable tablets, 60 Tabs",Didanosine,Videx,Chewable/dispersible tablet,60,240,1680.0,7.0,0.12,"BMS Meymac, France",True,52,1516.05,25mg,3.29
962,9916,123-NG-T01,Pre-PQ Process,SCMS-28390,ASN-2367,Nigeria,PMO - US,Direct Drop,EXW,Air,Pre-PQ Process,8/15/2008,23-Oct-08,23-Oct-08,23-Oct-08,ACT,ACT,IDA FOUNDATION,"Artemether/Lumefantrine 20/120mg [Coartem], scored tablets, Blister 30 x 18 Tabs",Artemether/Lumefantrine,Coartem,Tablet - FDC + blister,540,25,875.0,35.0,0.06,"Novartis Pharma AG, Switzerland",True,86,1528.06,20/120mg,1.4
963,9918,108-VN-T01,Pre-PQ Process,SCMS-26171,ASN-2515,Vietnam,PMO - US,Direct Drop,EXW,Air,Pre-PQ Process,7/1/2008,25-Sep-08,25-Sep-08,25-Sep-08,ARV,Adult,Aurobindo Pharma Limited,"Lamivudine/Zidovudine 150/300mg, tablets, 60 Tabs",Lamivudine/Zidovudine,Generic,Tablet - FDC,60,1800,15498.0,8.61,0.14,"Aurobindo Unit III, India",False,See ASN-2515 (ID#:4635),See ASN-2515 (ID#:4635),150/300mg,24.8
964,9933,117-ET-T01,Pre-PQ Process,SCMS-28700,ASN-2720,Ethiopia,PMO - US,Direct Drop,EXW,Air,Pre-PQ Process,8/22/2008,30-Oct-08,30-Oct-08,30-Oct-08,HRDT,HIV test,"SHANGHAI KEHUA BIOENGINEERING CO.,LTD.  (KHB)","HIV 1/2, SKB Colloidal Gold, Diagnostic Kit, Antibody, 50 Tests","HIV 1/2, Colloidal Gold, Diagnostic Kit, Antibody",Colloidal Gold,Test kit,1,6998,160954.0,23.0,23.0,"KHB Test Kit Facility, Shanghai China",True,5056,44360.44,,315.47
965,9936,116-ZA-T01,Pre-PQ Process,SCMS-28830,ASN-2502,South Africa,PMO - US,Direct Drop,DDP,Truck,Pre-PQ Process,Date Not Captured,25-Aug-08,18-Aug-08,18-Aug-08,ARV,Adult,S. BUYS WHOLESALER,"Zidovudine 300mg [Retrovir], tablets, 60 Tabs",Zidovudine,Retrovir,Tablet,60,550,6820.0,12.4,0.21,GSK Aranda,False,Weight Captured Separately,Freight Included in Commodity Cost,300mg,10.91
966,9937,116-ZA-T01,Pre-PQ Process,SCMS-28830,ASN-2503,South Africa,PMO - US,Direct Drop,DDP,Truck,Pre-PQ Process,Date Not Captured,25-Aug-08,14-Aug-08,14-Aug-08,ARV,Pediatric,S. BUYS WHOLESALER,"Didanosine 2g [Videx], powder for oral solution 10mg/ml, reconstitute to 200 ml",Didanosine,Videx,Powder for oral solution,200,10,125.4,12.54,0.06,"BMS Meymac, France",False,Weight Captured Separately,Freight Included in Commodity Cost,2g,0.2
967,9939,119-NA-T01,Pre-PQ Process,SCMS-28850,ASN-2513,Namibia,PMO - US,Direct Drop,EXW,Air,Pre-PQ Process,8/26/2008,25-Sep-08,25-Sep-08,25-Sep-08,HRDT,HIV test,"Orgenics, Ltd","HIV 1/2, Determine HIV Kit, without Lancets, 100 Tests","HIV 1/2, Determine HIV Kit, without Lancets",Determine,Test kit,100,2,140.0,70.0,0.7,Inverness Japan,False,See ASN-2513 (ID#:3360),See ASN-2513 (ID#:3360),,0.22
968,9952,104-CI-T01,Pre-PQ Process,SCMS-29340,ASN-2921,Côte d'Ivoire,PMO - US,Direct Drop,EXW,Air,Pre-PQ Process,9/3/2008,23-Jan-09,23-Jan-09,23-Jan-09,ACT,ACT,IDA FOUNDATION,"Artesunate+Amodiaquine 50+153mg, tablets, co-blister 12+12 Tabs",Artesunate+Amodiaquine,Generic,Tablet - FDC + co-blister,24,20000,14000.0,0.7,0.03,Ipca Dadra/Nagar Haveli IN,False,See ASN-2921 (ID#:719),See ASN-2921 (ID#:719),50+153mg,27.44
969,9960,111-MZ-T01,Pre-PQ Process,SCMS-29440,ASN-2403,Mozambique,PMO - US,Direct Drop,EXW,Air,Pre-PQ Process,8/29/2008,3-Oct-08,3-Oct-08,3-Oct-08,HRDT,HIV test - Ancillary,"Orgenics, Ltd","HIV, Lancet, Safety, for HIV Test kits, 100 Pcs","HIV, Lancet, Safety, for HIV Test kits, 100 Pcs",Generic,Test kit - Ancillary,100,1000,10.0,0.01,0.0,Inverness Japan,False,See ASN-2403 (ID#:3386),See ASN-2403 (ID#:3386),,0.02
970,10062,108-VN-T01,Pre-PQ Process,SCMS-31730,ASN-3313,Vietnam,PMO - US,Direct Drop,EXW,Air,Pre-PQ Process,10/21/2008,23-Feb-09,23-Feb-09,23-Feb-09,ARV,Adult,Aurobindo Pharma Limited,"Lamivudine 150mg, tablets, 60 Tabs",Lamivudine,Generic,Tablet,60,6966,16718.4,2.4,0.04,"Aurobindo Unit III, India",False,See ASN-3313 (ID#:3456),See ASN-3313 (ID#:3456),150mg,32.77
971,10063,113-ZW-T01,Pre-PQ Process,SCMS-31850,ASN-2711,Zimbabwe,PMO - US,Direct Drop,CIP,Air,Pre-PQ Process,10/10/2008,15-Nov-08,15-Nov-08,15-Nov-08,HRDT,HIV test,BIOLYTICAL LABORATORIES INC.,"#109440**HIV 1/2, INSTI HIV Antibody Individual POC, 1 Test","HIV 1/2, INSTI HIV Antibody Individual POC, 1 Test",INSTi,Test kit,1,5000,13398.72,2.68,2.68,bioLytical Laboratories,True,Weight Captured Separately,Freight Included in Commodity Cost,,26.26
972,10085,117-ET-T01,Pre-PQ Process,SCMS-32410,ASN-3178,Ethiopia,PMO - US,Direct Drop,EXW,Air,Pre-PQ Process,10/22/2008,30-Jan-09,20-Jan-09,20-Jan-09,HRDT,HIV test,"CHEMBIO DIAGNOSTIC SYSTEMS, INC.","HIV 1/2, Stat-Pak HIV, Kit, 20 Tests","HIV 1/2, Stat-Pak HIV, Kit",Stat-Pak,Test kit,20,9325,251775.0,27.0,1.35,Chembio Diagnostics Sys. Inc.,True,3061,15288.75,,493.48
973,10086,117-ET-T01,Pre-PQ Process,SCMS-32410,ASN-3259,Ethiopia,PMO - US,Direct Drop,EXW,Air,Pre-PQ Process,10/22/2008,30-Jan-09,30-Jan-09,30-Jan-09,HRDT,HIV test,"CHEMBIO DIAGNOSTIC SYSTEMS, INC.","HIV 1/2, Stat-Pak HIV, Kit, 20 Tests","HIV 1/2, Stat-Pak HIV, Kit",Stat-Pak,Test kit,20,3711,100197.0,27.0,1.35,Chembio Diagnostics Sys. Inc.,True,1341,6112.63,,196.39
974,10089,102-BW-T01,Pre-PQ Process,SCMS-32490,ASN-2941,Botswana,PMO - US,Direct Drop,DDP,Truck,Pre-PQ Process,10/21/2008,12-Nov-08,12-Nov-08,12-Nov-08,HRDT,HIV test,AHN (PTY) LTD (AKA UCB (S.A.),"HIV 1/2, OraQuick Advance HIV Rapid Antibody Kit, 100 Tests","HIV 1/2, OraQuick Advance HIV Rapid Antibody Kit",OraQuick,Test kit,100,5,3500.0,700.0,7.0,"Pacific Biotech, Thailand",True,Weight Captured Separately,Freight Included in Commodity Cost,,6.86
975,10102,133-NG-T01,Pre-PQ Process,SCMS-32920,ASN-2909,Nigeria,PMO - US,Direct Drop,EXW,Air,Pre-PQ Process,10/30/2008,2-Dec-08,2-Dec-08,2-Dec-08,HRDT,HIV test,"Orgenics, Ltd","HIV 1/2, Determine Complete HIV Kit, 100 Tests","HIV 1/2, Determine Complete HIV Kit",Determine,Test kit,100,3622,289760.0,80.0,0.8,Inverness Japan,True,1091,15045.56,,567.93
976,10126,109-TZ-T01,Pre-PQ Process,SCMS-34690,ASN-3853,Tanzania,PMO - US,Direct Drop,CIP,Air,Pre-PQ Process,12/30/2008,15-Jun-09,15-Jun-09,15-Jun-09,ARV,Adult,MERCK SHARP & DOHME IDEA GMBH (FORMALLY MERCK SHARP & DOHME B.V.),"Efavirenz/Emtricitabine/Tenofovir Disoproxil Fumarate 600/200/300mg [Atripla], tablets, 30 Tabs",Efavirenz/Emtricitabine/Tenofovir Disoproxil Fumarate,Atripla,Tablet - FDC,30,2357,118792.8,50.4,1.68,"MSD, Haarlem, NL",False,See ASN-3853 (ID#:4824),See ASN-3853 (ID#:4824),600/200/300mg,232.83
977,10228,108-VN-T01,Pre-PQ Process,SCMS-37160,ASN-3561,Vietnam,PMO - US,Direct Drop,EXW,Air,Pre-PQ Process,1/16/2009,7-Apr-09,7-Apr-09,7-Apr-09,ARV,Adult,Aurobindo Pharma Limited,"Nevirapine 200mg, tablets, 60 Tabs",Nevirapine,Generic,Tablet,60,7800,22620.0,2.9,0.05,"Aurobindo Unit III, India",False,See ASN-3561 (ID#:2297),See ASN-3561 (ID#:2297),200mg,44.34
978,10229,108-VN-T01,Pre-PQ Process,SCMS-37170,ASN-3562,Vietnam,PMO - US,Direct Drop,EXW,Air,Pre-PQ Process,1/16/2009,10-Apr-09,10-Apr-09,10-Apr-09,ARV,Adult,Aurobindo Pharma Limited,"Stavudine 30mg, capsules, 60 Caps",Stavudine,Generic,Capsule,60,22428,32520.6,1.45,0.02,"Aurobindo Unit III, India",False,See ASN-3562 (ID#:960),See ASN-3562 (ID#:960),30mg,63.74
979,10239,110-ZM-T01,Pre-PQ Process,SCMS-37780,ASN-3698,Zambia,PMO - US,Direct Drop,EXW,Air,Pre-PQ Process,1/27/2009,9-Apr-09,9-Apr-09,9-Apr-09,HRDT,HIV test,"Trinity Biotech, Plc","HIV 1/2, Uni-Gold HIV Kit, 20 Tests","HIV 1/2, Uni-Gold HIV Kit",Uni-Gold,Test kit,20,8000,256000.0,32.0,1.6,"Trinity Biotech, Plc",True,2657,25513.66,,501.76
980,10240,109-TZ-T01,Pre-PQ Process,SCMS-37800,ASN-3479,Tanzania,PMO - US,Direct Drop,DDP,Truck,Pre-PQ Process,1/26/2009,23-Feb-09,23-Feb-09,23-Feb-09,HRDT,HIV test,KAS MEDICS LIMITED,"HIV 1/2, Determine Complete HIV Kit, 100 Tests","HIV 1/2, Determine Complete HIV Kit",Determine,Test kit,100,110,12650.0,115.0,1.15,Inverness Japan,True,Weight Captured Separately,Freight Included in Commodity Cost,,24.79
981,10246,108-VN-T01,Pre-PQ Process,SCMS-31731,ASN-3455,Vietnam,PMO - US,Direct Drop,EXW,Air,Pre-PQ Process,10/21/2008,10-Mar-09,10-Mar-09,10-Mar-09,ARV,Adult,Aurobindo Pharma Limited,"Lamivudine/Zidovudine 150/300mg, tablets, 60 Tabs",Lamivudine/Zidovudine,Generic,Tablet - FDC,60,1176,10125.36,8.61,0.14,"Aurobindo Unit III, India",True,105,865.6,150/300mg,19.85
982,10282,107-RW-T01,Pre-PQ Process,SCMS-38670,ASN-3678,Rwanda,PMO - US,Direct Drop,EXW,Air,Pre-PQ Process,2/18/2009,6-Apr-09,6-Apr-09,6-Apr-09,HRDT,HIV test,"Trinity Biotech, Plc","HIV 1/2, Uni-Gold HIV Kit, 20 Tests","HIV 1/2, Uni-Gold HIV Kit",Uni-Gold,Test kit,20,963,30816.0,32.0,1.6,"Trinity Biotech, Plc",True,320,3100.66,,60.4
983,10298,104-CI-T01,Pre-PQ Process,SCMS-39430,ASN-3761,Côte d'Ivoire,PMO - US,Direct Drop,EXW,Air,Pre-PQ Process,2/24/2009,14-May-09,14-May-09,14-May-09,HRDT,HIV test,"Orgenics, Ltd","HIV 1/2, Determine HIV Kit, without Lancets, 100 Tests","HIV 1/2, Determine HIV Kit, without Lancets",Determine,Test kit,100,1500,105000.0,70.0,0.7,Inverness Japan,True,341,9749.73,,205.8
984,10342,116-ZA-T01,Pre-PQ Process,SCMS-40780,ASN-3607,South Africa,PMO - US,Direct Drop,DDP,Air,Pre-PQ Process,Date Not Captured,17-Mar-09,28-Nov-08,28-Nov-08,ARV,Pediatric,S. BUYS WHOLESALER,"Stavudine 1mg/ml [Zerit], powder for oral solution, Bottle, 200 ml",Stavudine,Zerit,Powder for oral solution,200,180,210.6,1.17,0.01,"BMS Meymac, France",False,Weight Captured Separately,Freight Included in Commodity Cost,1mg/ml,0.41
985,10343,116-ZA-T01,Pre-PQ Process,SCMS-40790,ASN-3575,South Africa,PMO - US,Direct Drop,DDP,Air,Pre-PQ Process,Date Not Captured,24-Mar-09,1-Dec-08,1-Dec-08,ARV,Adult,S. BUYS WHOLESALER,"Lamivudine 150mg, tablets, 60 Tabs",Lamivudine,Generic,Tablet,60,6000,32520.0,5.42,0.09,"Aurobindo Unit III, India",False,Weight Captured Separately,Freight Included in Commodity Cost,150mg,63.74
986,10344,116-ZA-T01,Pre-PQ Process,SCMS-40810,ASN-3634,South Africa,PMO - US,Direct Drop,DDP,Air,Pre-PQ Process,Date Not Captured,31-Mar-09,2-Dec-08,2-Dec-08,ARV,Adult,S. BUYS WHOLESALER,"Stavudine 30mg [Zerit], capsules, 60 Caps",Stavudine,Zerit,Capsule,60,3600,13896.0,3.86,0.06,"BMS Meymac, France",False,Weight Captured Separately,Freight Included in Commodity Cost,30mg,27.24
987,10345,116-ZA-T01,Pre-PQ Process,SCMS-40870,ASN-3582,South Africa,PMO - US,Direct Drop,DDP,Air,Pre-PQ Process,Date Not Captured,30-Jun-09,30-Jan-09,30-Jan-09,ARV,Adult,S. BUYS WHOLESALER,"Zidovudine 300mg, tablets, 60 Tabs",Zidovudine,Generic,Tablet,60,5550,68098.5,12.27,0.2,"Aurobindo Unit III, India",False,Weight Captured Separately,Freight Included in Commodity Cost,300mg,133.47
988,10347,116-ZA-T01,Pre-PQ Process,SCMS-41070,ASN-3625,South Africa,PMO - US,Direct Drop,DDP,Air,Pre-PQ Process,Date Not Captured,12-May-09,30-Dec-08,30-Dec-08,ARV,Pediatric,S. BUYS WHOLESALER,"Stavudine 1mg/ml [Zerit], powder for oral solution, Bottle, 200 ml",Stavudine,Zerit,Powder for oral solution,200,40,48.4,1.21,0.01,"BMS Meymac, France",False,Weight Captured Separately,Freight Included in Commodity Cost,1mg/ml,0.09
989,10348,116-ZA-T01,Pre-PQ Process,SCMS-41090,ASN-3626,South Africa,PMO - US,Direct Drop,DDP,Air,Pre-PQ Process,Date Not Captured,9-Jun-09,27-Jan-09,27-Jan-09,ARV,Adult,S. BUYS WHOLESALER,"Stavudine 30mg, capsules, 60 Caps",Stavudine,Generic,Capsule,60,24150,59892.0,2.48,0.04,"Aurobindo Unit III, India",False,Weight Captured Separately,Freight Included in Commodity Cost,30mg,117.39
990,10350,116-ZA-T01,Pre-PQ Process,SCMS-41100,ASN-4018,South Africa,PMO - US,Direct Drop,DDP,Air,Pre-PQ Process,3/13/2009,17-Jun-09,3-Apr-09,3-Apr-09,ARV,Adult,S. BUYS WHOLESALER,"Lamivudine 150mg, tablets, 60 Tabs",Lamivudine,Generic,Tablet,60,100,520.0,5.2,0.09,"Aurobindo Unit III, India",False,Weight Captured Separately,Freight Included in Commodity Cost,150mg,1.02
991,10351,116-ZA-T01,Pre-PQ Process,SCMS-50670,ASN-4609,South Africa,PMO - US,Direct Drop,DDP,Air,Pre-PQ Process,3/13/2009,17-Jun-09,17-Jun-09,17-Jun-09,ARV,Pediatric,S. BUYS WHOLESALER,"Lamivudine 10mg/ml, oral solution, Bottle, 240 ml",Lamivudine,Generic,Oral solution,240,1000,3550.0,3.55,0.01,"Aurobindo Unit III, India",True,Weight Captured Separately,Freight Included in Commodity Cost,10mg/ml,6.96
992,10352,116-ZA-T01,Pre-PQ Process,SCMS-41140,ASN-3752,South Africa,PMO - US,Direct Drop,DDP,Air,Pre-PQ Process,Date Not Captured,31-Mar-09,21-Nov-08,21-Nov-08,ARV,Pediatric,S. BUYS WHOLESALER,"Didanosine 25mg [Videx], chewable tablets, 60 Tabs",Didanosine,Videx,Chewable/dispersible tablet,60,10,94.9,9.49,0.16,"BMS Meymac, France",False,Weight Captured Separately,Freight Included in Commodity Cost,25mg,0.19
993,10353,116-ZA-T01,Pre-PQ Process,SCMS-41160,ASN-3760,South Africa,PMO - US,Direct Drop,DDP,Air,Pre-PQ Process,Date Not Captured,1-Apr-09,26-Nov-08,26-Nov-08,ARV,Adult,S. BUYS WHOLESALER,"Lamivudine 150mg [Epivir], tablets, 60 Tabs",Lamivudine,Epivir,Tablet,60,2000,10460.0,5.23,0.09,GSK Cape Town Factory (South Africa),False,See ASN-3760 (ID#:5049),See ASN-3760 (ID#:5049),150mg,20.5
994,10354,116-ZA-T01,Pre-PQ Process,SCMS-41160,ASN-3760,South Africa,PMO - US,Direct Drop,DDP,Air,Pre-PQ Process,Date Not Captured,1-Apr-09,26-Nov-08,26-Nov-08,ARV,Pediatric,S. BUYS WHOLESALER,"Zidovudine 10mg/ml [Retrovir], oral solution, Bottle, 200 ml",Zidovudine,Retrovir,Oral solution,200,150,949.5,6.33,0.03,GSK Mississauga (Canada),False,See ASN-3760 (ID#:5049),See ASN-3760 (ID#:5049),10mg/ml,1.86
995,10355,116-ZA-T01,Pre-PQ Process,SCMS-41230,ASN-3758,South Africa,PMO - US,Direct Drop,DDP,Air,Pre-PQ Process,Date Not Captured,1-Apr-09,11-Feb-09,11-Feb-09,ARV,Adult,S. BUYS WHOLESALER,"Emtricitabine/Tenofovir Disoproxil Fumarate 200/300mg [Truvada], tablets, 30 Tabs",Emtricitabine/Tenofovir Disoproxil Fumarate,Truvada,Tablet - FDC,30,80,2542.4,31.78,1.06,"Aspen-OSD, Port Elizabeth, SA",True,Weight Captured Separately,Freight Included in Commodity Cost,300/200mg,4.98
996,10356,116-ZA-T01,Pre-PQ Process,SCMS-41230,ASN-3758,South Africa,PMO - US,Direct Drop,DDP,Air,Pre-PQ Process,Date Not Captured,1-Apr-09,11-Feb-09,11-Feb-09,ARV,Adult,S. BUYS WHOLESALER,"Stavudine 20mg [Zerit], capsules, 60 Caps",Stavudine,Zerit,Capsule,60,300,1212.0,4.04,0.07,"BMS Meymac, France",False,Weight Captured Separately,Freight Included in Commodity Cost,20mg,2.38
997,10357,116-ZA-T01,Pre-PQ Process,SCMS-41230,ASN-3758,South Africa,PMO - US,Direct Drop,DDP,Air,Pre-PQ Process,Date Not Captured,1-Apr-09,11-Feb-09,11-Feb-09,ARV,Adult,S. BUYS WHOLESALER,"Tenofovir Disoproxil Fumarate 300mg [Viread], tablets, 30 Tabs",Tenofovir Disoproxil Fumarate,Viread,Tablet,30,400,8692.0,21.73,0.72,"Aspen-OSD, Port Elizabeth, SA",False,Weight Captured Separately,Freight Included in Commodity Cost,300mg,17.04
998,10364,116-ZA-T01,Pre-PQ Process,SCMS-41582,ASN-4304,South Africa,PMO - US,Direct Drop,DDP,Air,Pre-PQ Process,3/27/2009,25-Jun-09,8-Apr-09,8-Apr-09,ARV,Adult,S. BUYS WHOLESALER,"Zidovudine 300mg, tablets, 60 Tabs",Zidovudine,Generic,Tablet,60,1000,19760.0,19.76,0.33,"Aurobindo Unit III, India",False,Weight Captured Separately,Freight Included in Commodity Cost,300mg,38.73
999,11100,110-ZM-T01,Pre-PQ Process,SO-310,DN-122,Zambia,PMO - US,From RDC,N/A - From RDC,,Pre-PQ Process,N/A - From RDC,4-May-07,4-May-07,4-May-07,ARV,Adult,SCMS from RDC,"Abacavir 300mg, tablets, 60 Tabs",Abacavir,Generic,Tablet,60,1000,35800.0,35.8,0.6,"Aurobindo Unit III, India",True,4436,18375.7,300mg,
